2468 3912
187 257 270 306 actv
526 251 732 300 PRAEFATIO.

187 425 222 480 23
236 419 319 474 certas
341 431 455 483 omnes,
475 416 601 484 propria
623 411 759 469 Arevalus
782 405 789 490 Ι
813 418 847 472 25
866 413 1002 470 Tlrraan'as
1019 431 1088 487 ego,

186 502 291 558 tracias
304 498 410 558 Basil3·
433 497 550 554 Bomoi.
579 495 699 572 trucidas
714 496 815 568 reliqui
828 504 901 554 ooto.
935 497 1087 556 Thraecias

189 583 314 652 timolus,
337 582 388 638 sed
409 580 434 636 ia
457 581 510 636 luit
524 580 551 636 io
566 581 626 636 xll.
662 580 804 637 Thraciam
820 587 929 638 rentum
945 582 1086 639 nominant

187 667 355 724 Aristoteles
371 683 395 736 p.
409 671 460 725 979
470 664 578 734 Weiss,
595 663 724 734 Galenus,
742 663 932 735 Philargyrius
946 666 981 722 ad
996 667 1085 738 Verg.

189 752 237 808 Ge.
254 757 287 820 4,
307 756 373 820 298,
394 764 512 805 marmor
526 748 804 815 Pio-clementinum
822 749 871 804 cir.
888 749 1085 807 Zimmerrnaun

187 834 322 890 nornen.
342 835 361 888 r.
380 832 575 894 d.Aw.1841
593 849 620 904 p.
638 837 697 891 131.
716 837 767 891 nac
784 824 790 911 Ι
814 837 847 890 aa
864 832 952 888 cauta
967 835 1085 894 aanor.

188 926 216 974 et
236 916 390 975 asecunda
408 933 487 973 manu
510 916 606 972 llouoc
618 924 644 973 1.
671 916 796 986 palliata,
815 917 967 988 pallaeea'a,
981 920 1085 989 palatia

187 1002 303 1073 reliqui;
327 1002 422 1056 eadem
439 1000 557 1056 variatio
577 999 695 1069 Etymol.
718 1005 759 1069 13,
775 1007 817 1058 11.

248 1087 278 1140 ln
290 1085 423 1141 Prisciani
439 1086 526 1139 tribus
540 1083 692 1154 locisquod
708 1084 860 1140 Dorvillius
876 1085 997 1140 coniecit
1009 1085 1083 1140 Pra-

185 1175 288 1238 toram,
310 1168 442 1241 probavi,
471 1183 630 1238 quamquam
653 1166 718 1222 libri
743 1173 901 1224 constanter
918 1168 1084 1224 Praetorem

186 1255 321 1323 retinent,
344 1253 440 1308 ultimo
460 1253 524 1307 loco
547 1256 683 1323 excepto,
705 1249 752 1306 ubi
768 1252 858 1306 codex
879 1269 948 1308 unus
971 1259 999 1308 et
1013 1254 1084 1309 alter

181 1353 336 1411 praeeram
359 1337 443 1393 habet
462 1335 508 1391 vel
533 1340 686 1404 pactorum.
732 1332 789 1389 Sed
809 1351 869 1390 oum
890 1337 924 1390 da
941 1335 1084 1392 Pratorum

186 1422 267 1478 libris
282 1436 328 1475 res
344 1426 422 1475 extra
433 1417 632 1474 dubitationem
645 1418 736 1489 posita
752 1417 799 1487 sit,
813 1419 972 1474 Praetorem
989 1415 1082 1491 vixffl)

185 1506 280 1561 latine
300 1503 442 1571 dieantur,
460 1518 520 1556 curo
541 1501 705 1573 praesertim
725 1518 807 1557 unum
819 1502 976 1559 Praetorum
992 1502 1083 1558 locum

183 1589 310 1644 Isidorus
328 1587 362 1642 de
378 1585 466 1641 l’ratis
483 1584 673 1656 decerpserit,
694 1585 740 1640 vcl
763 1602 797 1640 na
819 1586 930 1641 nimium
946 1587 1034 1642 dicam
1054 1587 1080 1642 io

185 1671 283 1727 libello
311 1669 358 1724 ubi
380 1667 468 1725 Pratis
498 1684 562 1723 usus
587 1675 630 1724 est
656 1668 872 1741 perscripserit,
900 1672 1082 1726 excellentem

186 1753 404 1809 emendationem
420 1768 475 1808 nou
487 1752 589 1807 diutius
604 1753 802 1808 excludendam
820 1753 984 1810 existimari.
1030 1753 1074 1809 (lc

185 1844 273 1892 terum
297 1835 491 1891 Priscianusne
516 1852 549 1891 an
575 1834 707 1891 librarius
725 1836 830 1892 erroris
855 1837 1013 1907 arguendus
1035 1837 1082 1906 sit,

185 1937 239 1976 non
255 1919 344 1990 magis
361 1921 481 1975 decerno
498 1935 577 1989 quarn
593 1919 646 1973 utri
664 1918 804 1974 Plaetoria
819 1921 882 1990 lex,
899 1920 934 1975 de
956 1936 1008 1992 qua
1027 1919 1082 1975 lle-

184 2003 338 2061 raclecnsis
353 2003 446 2060 tabula
460 2019 521 2074 cap.
534 2003 596 2057 vlll
612 2004 691 2058 sidem
708 2003 791 2071 iacit,
807 2004 834 2058 in
849 2003 1005 2059 laetaniam
1018 2020 1081 2060 eor-

184 2094 264 2160 rupta
279 2088 438 2161 imputetur.

244 2171 274 2226 Ρ.
296 2178 363 2243 306,
390 2178 404 2232 1
427 2170 542 2244 palbeoli
570 2170 639 2226 alias
668 2186 721 2226 noo
748 2171 935 2236 nominantur;
960 2171 1083 2243 palbnlos

183 2256 336 2326 llartialis,
359 2255 492 2327 palpones
518 2253 620 2309 Plinius
647 2254 725 2309 novit
750 2250 756 2325 Ι
784 2261 801 2314 3
822 2256 850 2310 in
864 2255 932 2310 libro
946 2255 984 2310 Χ.
1008 2255 1081 2311 Prati

184 2346 251 2412 puto
280 2331 286 2417 Ι
310 2345 327 2398 6
346 2339 493 2396 Suetonius
516 2337 693 2408 Tranquillus
714 2337 815 2409 scripsi
833 2354 885 2411 pro
900 2354 936 2394 eo
957 2339 1032 2410 quod
1053 2337 1080 2393 lc

186 2421 284 2478 codice
299 2423 402 2492 legitur
414 2419 533 2477 Sidonius
546 2418 607 2494 (vel
620 2415 761 2494 Sidonias)
773 2419 940 2484 Craneillas,⁸
954 2422 1082 2478 similiter

185 2522 212 2577 p.
230 2509 292 2573 282,
306 2510 393 2565 3018
408 2503 527 2560 Sitonius
539 2511 567 2559 ct
582 2502 709 2576 Sytonius
721 2503 816 2561 Petrus
832 2505 928 2562 Daniel
945 2506 1082 2575 ediderat,

186 2594 215 2643 el
228 2604 258 2659 p.
276 2593 337 2657 306,
354 2595 385 2645 11
404 2589 494 2644 codex
507 2588 657 2644 Beroensis
672 2586 767 2644 Slanio
784 2590 867 2646 habet
885 2581 891 2667 Ι
908 2595 926 2649 8
941 2591 1082 2644 excatena-

186 2678 231 2728 tar
243 2688 297 2742 ago
311 2687 363 2744 pro
379 2673 538 2726 aestimatur
555 2663 561 2749 Ι
582 2675 613 2731 16
630 2669 721 2727 amida
737 2672 867 2729 librerias
882 2674 1031 2730 aVarrone
1046 2673 1081 2728 da

185 2771 217 2811 ro
235 2772 259 2811 r.
276 2762 310 2826 3,
325 2761 356 2825 2,
373 2761 649 2814 recommemorent
667 2750 673 2833 Ι
692 2761 726 2815 18
737 2757 898 2812 contectales
912 2757 978 2812 olim
994 2756 1082 2812 luisse

184 2832 326 2909 ridentur,
341 2857 356 2896 a
370 2839 499 2895 conluvie
514 2855 605 2894 rerurn
617 2839 684 2895 dicti
703 2833 709 2917 Ι
727 2845 760 2897 21
774 2839 848 2912 sapit
862 2856 916 2912 ego
930 2855 982 2912 pro
997 2833 1080 2917 sapit!

184 2929 218 2982 25
231 2922 346 2980 Verrius
357 2924 510 2979 Flaccus..
521 2923 647 2993 probavit
658 2961 665 2978 .
675 2962 681 2977 .
692 2923 756 2979 lania
770 2924 924 2980 adsentiens
938 2923 1081 2993 Scaliger;

185 3007 328 3064 deversio
343 3007 443 3064 Flacco
457 3013 485 3062 et
496 3006 598 3063 Granio
609 3007 709 3063 Flacco
721 3007 854 3079 intelligit
862 3008 959 3064 Odolr.
968 3001 1081 3082 llullerl

252 3169 298 3234 92)
314 3171 401 3235 Neque
418 3172 485 3220 enlm
504 3171 531 3219 iu
549 3185 653 3220 censum
665 3171 769 3220 veniunt
785 3172 980 3238 magistratuum
998 3184 1082 3220 sacer-

185 3235 321 3302 dotumque
339 3239 526 3300 commentarii,
547 3247 574 3288 ut
593 3238 721 3304 Aaparam
739 3240 799 3290 liora·
814 3240 882 3307 apud
897 3239 1035 3290 Varronem
1049 3237 1081 3287 do

185 3303 203 3354 l.
221 3303 238 3353 l.
258 3306 289 3364 5,
311 3308 358 3366 ²13
383 3308 505 3357 Varronis
525 3321 584 3357 vero
600 3308 728 3372 Aepuram
749 3308 808 3359 libra·
823 3308 881 3374 (vel
899 3307 962 3358 liber
978 3305 1081 3373 potius)

186 3372 254 3436 apud
269 3372 421 3426 Macrobium
437 3374 535 3426 &turn
551 3374 579 3433 1,
594 3375 641 3436 16,
660 3375 700 3437 19,
717 3375 881 3441 Trtdaamque
896 3376 961 3426 dher
977 3377 1009 3425 ab
1024 3375 1081 3442 ipso

186 3439 219 3489 de
242 3439 260 3491 l.
282 3439 306 3492 l.
327 3443 358 3503 o,
381 3443 415 3496 56
437 3444 578 3510 appellatus
599 3443 691 3494 Rerum
709 3445 851 3498 divinarum
866 3444 1081 3508 nummumque

185 3514 272 3572 perles
290 3505 399 3561 luerunt.
