2466 3896
115 223 176 285 132
209 235 240 282 c.
255 231 403 281 snauonr
417 231 545 292 mano.
561 233 609 278 nn
623 233 706 278 vrrs
721 231 907 280 causaauu
921 233 990 280 uns.
1004 233 1070 280 1111.

114 392 221 451 seriem
236 404 472 466 recognoscens,
498 385 603 446 nullius
619 388 752 467 iuspecto
769 386 885 464 elogio,
912 396 993 447 staus
1007 396 1115 449 tautum
1218 403 1219 410 ¹

113 475 199 535 modo
230 475 303 532 intra
332 473 474 551 porticum
495 470 633 548 mediam,
659 490 680 532 a
707 471 797 533 calco
827 471 871 534 cd
900 472 1023 532 calcum
1049 471 1114 533 duci

112 559 274 638 imperarit.
317 558 424 617 Votum
439 556 539 632 exegit
555 554 591 616 als
608 573 661 634 eo,
693 558 742 636 qui
756 573 811 636 pro
826 554 918 616 salute
937 575 987 616 sua
1002 555 1113 634 gladia·

112 644 217 703 toriam
237 659 357 720 operam
377 641 568 719 promiserat,
596 641 799 720 spectauitque
820 640 900 700 ferro
922 639 1113 718 dimicantem,

113 745 169 787 uec
193 725 298 785 dimisit
323 725 377 784 uisi
396 725 536 784 uictorem
552 733 582 784 et
602 734 671 804 post
687 725 789 786 multas
811 743 928 803 preces.
971 724 1135 803 Alterum,n
1218 789 1219 792 ,

113 811 216 889 quise
242 810 399 889 periturum
423 827 459 869 ea
479 807 517 868 de
539 827 627 870 causa
643 819 783 887 voverat,
810 817 991 869 cunctantem
1015 810 1114 887 pueris
1218 815 1219 886 ξ

111 893 240 964 tradidit;
275 892 463 954 uerbenatum
487 892 693 972 infulatumque
721 903 819 954 votum
846 902 1039 972 reposcentes
1062 912 1116 973 per
1218 899 1219 922 ³

112 979 195 1039 vicos
223 987 359 1057 agerent,
386 975 482 1058 quoad
512 980 753 1057 praecipitaretur
780 997 817 1038 ex
843 995 965 1056 aggere.
1008 977 1114 1038 ldultos

111 1063 226 1124 honesti
240 1061 366 1140 ordinis,
396 1061 574 1122 deformatos
595 1064 675 1141 prins
695 1062 858 1140 stigmatum
877 1063 969 1140 uotis,
998 1062 1034 1122 ad
1054 1081 1113 1122 me·
1218 1087 1219 1120 n

112 1147 182 1209 talla
203 1156 233 1207 et
250 1148 421 1207 munitiones
443 1148 551 1206 riarum
576 1156 625 1208 aut
644 1145 680 1207 ad
694 1145 803 1207 bestias
822 1144 1038 1224 condemnauit,
1066 1155 1150 1206 antro
1218 1147 1219 1204 Ξ

112 1231 269 1294 bestiarum
298 1248 381 1291 more
410 1229 603 1311 quadripedes
632 1250 724 1292 cavea
752 1232 899 1306 coercuit,
930 1239 978 1290 aut
1002 1229 1113 1290 medios
1218 1227 1219 1306 s

113 1335 195 1378 serra
210 1316 364 1385 dissecuit;
385 1334 441 1376 uec
459 1333 560 1376 omues
576 1315 715 1394 gravibus
732 1335 771 1375 ex
790 1315 902 1392 causis,
923 1333 1024 1374 rerum
1038 1314 1113 1375 male

112 1400 150 1462 de
169 1417 288 1462 munere
313 1417 365 1460 suo
390 1402 540 1480 opinatos,
571 1400 619 1460 vel
646 1400 723 1480 quod
744 1417 895 1479 numquam
917 1417 972 1477 per
997 1401 1113 1478 genium

112 1504 193 1546 suum
206 1485 397 1546 deierassent.
440 1483 579 1544 Parentes
597 1485 742 1564 supplicio
759 1485 884 1544 liliorum
904 1484 1048 1547 interesse
1064 1499 1112 1543 co·
1218 1559 1219 1564 η

111 1568 216 1648 gebat:
247 1584 367 1648 quornm
392 1568 440 1627 uui
467 1566 652 1628 valitudinem
685 1570 835 1629 excusanti
865 1567 999 1629 lecticam
1026 1568 1149 1644 misique

111 1652 196 1714 alium
214 1670 230 1713 a
246 1650 417 1730 spectaculo
438 1667 551 1729 poenae
568 1653 661 1730 epulis
681 1655 776 1713 statim
792 1651 921 1712 adhibuit
938 1661 1023 1732 atque
1037 1655 1114 1712 omni
1218 1649 1219 1712 3

113 1737 247 1798 comitate
263 1733 299 1794 ad
315 1733 487 1796 hilaritatem
505 1743 536 1796 et
550 1736 634 1796 iocos
655 1737 836 1815 provocarit.
864 1735 1035 1798 curatorem
1054 1755 1113 1795 mu·
1218 1727 1219 1763 l

111 1837 211 1882 nerum
233 1838 267 1881 ac
283 1819 478 1898 uenationum,
504 1837 560 1898 per
577 1822 729 1881 continuos
750 1820 859 1881 diesin
878 1829 1037 1901 conspecto
1059 1837 1113 1880 suo
1218 1851 1219 1890 n

113 1905 223 1966 catenis
239 1902 439 1984 uerberatum,
462 1921 519 1966 nou
543 1905 621 1984 prius
636 1904 745 1966 occidit
763 1923 847 1985 qnam
867 1905 994 1965 offensos
1015 1913 1112 1983 putre·
1218 1951 1219 1960 i

111 1988 181 2052 iacti
197 1987 312 2052 cerebri
327 1987 429 2051 odore.
466 1988 619 2050 Atellanae
641 1999 756 2069 poetam
772 1989 810 2050 ob
832 1988 957 2068 ambigui
971 1991 1030 2050 ioci
1046 2007 1112 2048 rer·
1122 1997 1151 2038 ²0

111 2073 232 2137 alonium
250 2071 343 2136 media
358 2073 558 2154 amphitheatri
575 2073 683 2136 harena
704 2075 765 2153 igni
788 2076 936 2135 cremavit.
979 2072 1114 2152 Equitem
1218 2069 1219 2112 ἴ

110 2157 145 2220 lt.
171 2159 315 2222 obiectum
338 2158 424 2238 ieris,
455 2177 518 2220 cum
547 2177 580 2220 se
599 2159 783 2221 innocentem
811 2157 1039 2238 proclamasset,
1067 2173 1113 2216 re·

69 2240 205 2324 eadunt,
236 2244 409 2324 abscisaque
430 2243 528 2321 lingua
549 2261 648 2304 rursus
666 2243 786 2304 induxit.
829 2243 1008 2304 Revocatum
1024 2259 1113 2320 queu-

112 2324 176 2390 dam
203 2345 219 2392 a
246 2338 347 2390 vetere
377 2327 466 2389 exilio
494 2327 673 2405 sciscitatus,
702 2325 835 2407 quidnam
860 2326 900 2386 ibi
922 2327 1023 2387 iacere
1045 2343 1114 2385 con·

111 2421 241 2490 inesset,
272 2411 469 2493 respondente
496 2430 532 2473 eo
557 2431 612 2491 per
637 2411 842 2473 adolationem:
878 2410 964 2472 Deos
992 2427 1156 2488 conpares
1218 2411 1219 2450 ³

111 2496 204 2558 orooi
216 2501 266 2574 nt,
289 2495 373 2578 qood
390 2494 501 2572 evcnit,
519 2496 639 2576 periret
656 2495 813 2572 Tiberias,
840 2502 869 2558 et
882 2501 914 2556 ta
927 2495 1114 2573 imperares,
1218 2499 1219 2502 ’

111 2579 234 2662 opinans
261 2578 316 2642 tibi
337 2596 452 2662 quoquo
475 2581 577 2642 exules
603 2598 671 2641 suos
692 2589 814 2640 mortem
839 2581 1009 2659 imprecari,
1037 2579 1117 2638 misit
1218 2617 1219 2626 η

112 2663 218 2728 nircum
233 2662 357 2742 insulas,
386 2663 434 2743 qui
448 2666 601 2727 uniuersos
624 2665 867 2726 contrucidarent.
899 2662 970 2724 Cum
985 2662 1116 2741 discerpi

111 2759 276 2814 senatorem
304 2748 505 2828 concupisset,
539 2749 722 2826 subornarit,
751 2751 799 2829 qui
824 2747 1035 2827 ingredientem
1065 2765 1115 2806 cu·
1218 2765 1219 2770 ¹

110 2832 180 2898 riam
196 2841 318 2918 repente
342 2832 453 2896 hostem
470 2833 616 2914 poblicum
632 2833 814 2914 appellantes
833 2832 1018 2909 invaderent,
1044 2847 1115 2908 gra·
1127 2843 1158 2885 an

111 2915 235 3002 pirisque
253 2920 420 2982 confossum
443 2915 627 2981 lacerandum
651 2921 757 2980 ceteris
784 2917 945 2987 traderent;
968 2934 1023 2976 uec
1046 2923 1116 2975 ante
1218 2953 1219 2962 η

111 3005 229 3069 satiatus
246 3013 291 3068 est
308 3021 392 3086 qoam
408 3003 534 3066 membra
556 3013 585 3064 et
600 3013 677 3065 artus
694 3012 723 3063 et
744 3005 859 3063 viscera
879 3002 1002 3063 hominis
1021 3007 1116 3059 tracta
1216 3041 1219 3074 ,

68 3090 709 3252 ²⁹tinltlnttiitlt§titini
735 3085 1116 3250 vlit‘lnltliltil:

111 3269 163 3316 soa
182 3255 299 3319 laudare
320 3277 351 3319 se
376 3274 411 3319 ao
438 3259 564 3341 probare
584 3256 699 3318 dicebat
718 3275 818 3336 qoam,
850 3265 886 3316 nt.
899 3254 991 3333 ipsius
1018 3251 1159 3314 verbosa

110 3343 189 3418 utar,
217 3327 435 3422 ἅδιατρεψίαν
460 3342 528 3424 [hoc
549 3350 594 3401 est
608 3340 863 3420 inverecundiaml.
906 3338 1036 3400 lilouenti
1052 3335 1114 3397 An-

110 3423 208 3484 toniae
222 3422 304 3484 aviae
321 3434 462 3504 tamquam
483 3443 582 3506 parum
603 3435 681 3486 esset
698 3443 756 3485 non
776 3423 931 3486 oboedire:
961 3419 1116 3483 dicineoto

110 3503 150 3552 ’ἢ
171 3503 274 3570 omnio
295 3507 370 3568 mili
394 3517 423 3568 et
442 3509 473 3572 ia
494 3508 592 3569 omnis
611 3508 724 3570 licere!
754 3507 957 3570 Trucidaturns
979 3505 1116 3580 fratrem,
