2450 3910
512 245 683 294 annos.
1021 233 1081 296 207

90 399 189 462 Salvio
209 398 314 461 Othoni
334 399 467 479 praebuit
488 400 658 479 perficiendi
680 411 783 462 conata
798 403 871 462 intra
890 411 1001 462 sextum
1013 401 1080 462 ado·
1110 409 1147 460 tu

11 486 197 579 :agg-ptionis
215 483 300 544 diem.
373 526 377 530 -
1116 495 1138 530 ¹¹

8 610 16 646 1
152 569 256 647 blagna
269 578 297 630 et
309 568 422 629 assidua
434 570 580 628 monstra
571 587 627 629 ram
646 569 712 629 inde
728 588 744 630 a
761 573 904 656 principio
923 572 1029 632 exitum
1044 571 1079 649 ei,
1091 579 1170 636 18⁹5
1158 579 1187 631 5-

90 653 182 734 qualis
194 655 301 731 evenit,
314 653 530 752 portenderant
570 651 640 713 Oum
659 671 808 733 peremne
825 657 881 715 iter
897 654 998 716 dextra
1015 657 1081 716 sini·
1130 671 1181 730 up

66 748 206 817 ostiaque
224 738 383 818 oppidatim
404 739 537 798 victimae
556 736 760 838 caederentur,
780 746 877 798 taurus
895 741 1007 800 securis
1023 741 1082 802 ictu
1131 757 1172 824 5-1(

89 832 289 883 consternatus
302 832 389 902 rupto
403 822 520 882 vinculo
540 822 712 883 essedum
685 841 747 883 erus
758 825 863 882 invasit
878 823 1018 903 elatisque
1032 843 1081 904 pe·
1126 837 1152 890 t
1157 809 1172 891 '3

88 905 172 966 dibus
183 915 273 967 totum
285 925 389 968 cruore
402 906 544 988 perindit;
561 925 596 968 ae
608 906 832 967 descendentem
848 908 1038 986 speculator'
1031 927 1080 968 rm·
1130 915 1171 962 ὁ(

88 990 675 1072 pulsuturbaelaneeapropevnlneravit.
698 990 1170 1071 Urbemqnoqueetdetnde‚st

87 1075 226 1138 Palatium
237 1078 400 1154 ingressum
412 1077 530 1154 excepit
542 1085 637 1136 terrae
652 1085 760 1136 tremor
772 1084 800 1134 et
812 1075 947 1135 assimilis
967 1075 1081 1154 qnidam
1127 1078 1149 1132 t-
1160 1081 1173 1128 3

52 1178 77 1222 so
86 1161 205 1238 mugitui
219 1177 316 1220 sonus.
346 1161 452 1221 Secuta
471 1160 700 1239 sunttaliquanto
718 1160 925 1220 manifestiora.
961 1159 1080 1236 Monile,
1124 1165 1170 1227 sq

86 1246 249 1322 margaritis
260 1245 439 1323 gemmisque
453 1243 670 1322 consertum,ad
681 1243 1082 1305 ornandamFortunamsuam
1125 1251 1174 1297 to

87 1329 279 1390 Tusculanam
293 1347 331 1388 ex
344 1331 419 1389 omni
431 1346 504 1406 gaza
520 1337 701 1397 secreverat;
719 1327 749 1387 id
759 1338 882 1407 repente
895 1329 976 1408 qnasi
992 1346 1080 1406 angu-
1122 1329 1164 1384 iti

87 1415 178 1474 stiore
194 1412 308 1489 dignius
319 1412 387 1473 loeo
404 1410 586 1490 Capitolinae
598 1414 707 1473 Veneri
720 1412 890 1491 dedicavit,
901 1431 935 1474 ae
951 1413 1082 1493 proxima
1119 1422 1177 1470 eur.

8 1493 27 1570 b
86 1504 175 1558 nocte
198 1499 352 1557 somniavit
377 1499 506 1577 speciem
528 1497 672 1557 Fortunae
698 1499 845 1577 querentis
866 1497 1024 1559 fraudatam
1048 1510 1091 1572 se(
1125 1503 1167 1558 “t

51 1597 76 1640 us
88 1581 166 1643 dono
179 1580 333 1659 destinato,
345 1583 535 1660 minantisque
549 1591 710 1660 erepturam
720 1592 748 1643 et
759 1583 851 1662 ipsam
859 1601 934 1662 quae
942 1581 1079 1642 dedisset.
1127 1595 1184 1642 Μ.

89 1665 219 1743 Cumque
231 1668 384 1726 exterritus
396 1666 462 1727 luce
473 1667 612 1746 prima'ad
629 1667 802 1744 expiandum
821 1669 978 1744 somnium,
989 1685 1079 1747 prae·
1130 1671 1175 1730 q7

86 1751 184 1810 missis
196 1751 243 1827 qui
255 1768 317 1809 rem
336 1749 459 1812 divinam
478 1760 666 1830 appararent,
686 1751 839 1812 Tusculum
857 1755 1091 1827 excucurrisset,t
1131 1753 1174 1806 δί

87 1832 158 1893 nihil
170 1833 279 1893 invenit
291 1843 407 1912 praeter
421 1835 546 1914 tepidam
559 1837 587 1895 in
600 1854 649 1896 ara
660 1836 789 1895 favillam
809 1845 985 1916 atratumque
1002 1837 1081 1896 iuxta
1128 1838 1176 1888 -l't

8 1907 19 1934 ¹
88 1935 187 1978 senem
200 1918 228 1976 in
240 1919 335 1979 catino
347 1919 439 1978 vitreo
452 1918 516 1978 thus
529 1928 673 1979 tenentem
686 1929 714 1979 et
726 1920 755 1978 in
767 1921 860 1980 calice
869 1920 950 1980 fictili
962 1938 1080 1980 merum.
1131 1911 1178 1970 5‘3

47 2020 76 2063 ao
88 2002 279 2062 Observatum
292 2003 376 2061 etiam
388 2011 441 2079 est,
455 2000 501 2061 ill.
514 2001 573 2062 lan.
586 2002 758 2064 sacrificanti
778 2021 915 2064 coronam
932 2004 968 2063 de
987 2006 1081 2082 capite
1089 2013 1098 2090 1
1124 2009 1172 2059 tr·

88 2085 250 2161 excidisse
268 2066 427 2170 aussticanti
444 2086 542 2164 pullos
559 2087 709 2160 avolasse;
734 2086 899 2166 adoptionis
921 2087 967 2147 die
985 2105 1080 2166 neque
1120 2106 1163 2159 pt

87 2169 194 2230 milites
209 2168 380 2231 adlocuturo
393 2178 570 2231 castrensem
578 2167 685 2230 bellam
697 2170 820 2230 demore
831 2171 955 2250 positam
968 2173 1143 2250 prout-1

52 2254 195 2346 bunali,
208 2253 463 2331 oblitisministris,
477 2264 506 2314 et
518 2255 545 2314 in
560 2263 660 2316 senatu
682 2255 808 2315 curulem
829 2274 969 2335 perverse
988 2255 1079 2316 collo·
1129 2267 1136 2312 z
1155 2265 1162 2296 ‘³

40 2327 220 2483 catamq
222 2338 305 2399 Prius
318 2357 392 2400 vero
409 2357 491 2439 quam
504 2339 687 2400 occideretur
705 2339 915 2400 sacrificantem
932 2339 1153 2401 mancha-19¹

48 2441 175 2502 esruspe
211 2422 365 2484 identidem
376 2424 494 2502 monuit,
511 2433 629 2485 caveret
639 2423 814 2502 perrculum
830 2442 888 2485 non
904 2423 994 2502 longe
1013 2443 1078 2504 per·

88 2525 210 2567 cussore
256 2507 274 2566 b
763 2540 765 2546 ,
1141 2517 1167 2528 ''

8 2549 71 2623 73
147 2527 419 2670 Hautsiimilstsoepost
437 2593 592 2691 cognoscit
610 2593 703 2653 teneri
724 2547 817 2654 castra
834 2593 869 2654 ab
891 2593 1019 2672 Othone,
1044 2613 1079 2654 ao
1155 2607 1157 2612 '

86 2676 236 2756 plerusque
244 2687 274 2736 ut
282 2677 384 2736 eodem
392 2694 475 2755 quam
488 2678 607 2777 primum
619 2686 757 2755 pergeret
765 2677 949 2738 suadentibus
950 2681 1078 2758 ,(posse
1163 2708 1166 2716 v

88 2761 163 2820 enim
176 2763 346 2821 auctoritate
360 2770 389 2820 et
402 2762 567 2838 praesentia
580 2761 767 2840 praevalere)
780 2762 849 2822 nihil
861 2763 982 2841 amplius
995 2780 1079 2841 qnam
1136 2793 1147 2830 -1
1162 2783 1170 2823 2:

48 2860 76 2902 eo
88 2845 237 2904 continere
250 2864 283 2904 se
300 2846 397 2904 statuit
415 2855 444 2904 et
464 2844 690 2921 legionariorum
713 2846 825 2909 lirmare
843 2846 1013 2925 praesidiis,
1031 2847 1078 2925 qui

86 2928 268 2990 multifariam
281 2929 455 3007 diverseque
470 2928 634 2989 tendebant.
662 2928 793 2991 Loricam
811 2939 905 2990 tamen
921 2930 1010 2992 induit
1027 2930 1078 2989 lin·
1135 2947 1143 2980 ¹2
1175 2999 1196 3004 ‚-

86 3023 173 3090 team,
188 3031 356 3093 quamquam
368 3012 443 3073 haud
456 3013 639 3074 dissimulans
652 3031 750 3093 parum
762 3014 901 3075 adversus
913 3024 955 3075 tot
966 3033 1078 3075 mucro·
1126 3036 1131 3066 ι
1150 3057 1153 3065 .
1173 3004 1178 3012 “

86 3115 140 3156 nes
152 3099 339 3175 profuturam.
379 3098 437 3158 Sed
453 3107 598 3158 extractus
614 3098 777 3162 rumoribus
796 3099 895 3176 salsis,
918 3117 992 3178 quos
1011 3117 1077 3160 con·
1119 3114 1157 3178 (Γ

87 3183 198 3259 spicati,
211 3193 241 3243 ut
251 3202 314 3242 eum
324 3183 352 3241 in
364 3182 510 3261 publicum
522 3183 676 3259 elicerent,
694 3182 731 3242 de
743 3183 879 3242 industria
893 3183 1077 3263 dissiparant,

47 3289 77 3332 ³⁵
81 3268 190 3366 papcis
202 3276 312 3327 temere
324 3267 717 3328 allirmantibnstransactum
730 3268 892 3346 negotium,
905 3285 1078 3347 oppressos,
1119 3277 1132 3296 '¹

89 3367 135 3429 qm
130 3352 394 3428 tumultuarentur,
408 3352 545 3411 advenire
557 3352 717 3452 frequentis
726 3361 843 3416 ceteros
852 3353 1079 3429 gratulabundos

88 3435 156 3493 etin
172 3453 256 3496 omne
269 3436 437 3514 obsequium
449 3445 582 3515 paratos;
597 3439 632 3496 iis
644 3444 674 3495 ut
686 3446 856 3498 occurreret
867 3439 989 3519 prodiit,
1002 3448 1078 3501 tantu
1105 3507 1113 3518 1

87 3517 191 3580 inducia
203 3529 233 3580 nt
248 3521 330 3580 militi
344 3519 453 3581 cuidam
472 3522 601 3582 occisum
616 3541 632 3584 a
651 3539 683 3582 se
702 3519 845 3584 Othonem
862 3523 998 3603 glorianti
1011 3522 1077 3599 Ouo
