2468 3912
201 237 276 287 xclr
543 237 752 287 PRAEFATIO.

48 388 200 434 montes.
271 395 585 454 Adlooaablsidoroe
616 395 1112 460 l’ralosirelibrisTratorum

86 444 164 486 Psatis.

210 480 364 551 Tranquilli
386 486 517 552 excerpta
540 483 686 553 egregium
702 499 790 555 nuper
815 481 969 540 subsidium
992 486 1114 541 aooessit

210 563 338 623 sollertia
360 562 510 620 Gustari
533 565 675 622 Beolrer
695 567 881 637 lubecensis,
902 566 946 623 eui
969 567 1060 624 libelli
1075 569 1111 625 de

209 649 311 706 Natura
326 663 419 703 rerum
438 647 555 704 debetur
569 650 656 706 editio
679 666 733 706 non
753 651 835 706 modo
857 651 885 706 in
903 650 997 707 verbis
1019 668 1112 708 emen-

210 733 302 790 datior
317 748 396 802 quam
410 731 578 789 Arevaliana
594 733 661 805 luit,
688 733 780 790 sedin
799 733 1013 791 auetoritatibus
1029 736 1112 793 etiam

209 816 378 887 oolligendis
392 817 477 871 multo
492 815 663 888 diligentior.
707 817 734 874 ls
750 817 837 889 igitur
852 834 906 874 non
929 819 998 875 salis
1015 819 1112 876 babuit

210 903 245 958 ad
256 900 419 955 Suetonium
432 899 540 955 referre
556 917 626 971 quaa
639 900 765 957 Isidorus
782 901 939 958 nominatim
958 903 1023 959 inde
1039 909 1110 960 attu-

209 985 258 1055 lit,
280 985 332 1041 sed
353 990 381 1039 et
396 999 467 1055 quae
491 984 617 1056 proxime
631 986 677 1040 vel
699 987 902 1057 praecederent
916 987 961 1042 vel
977 986 1108 1059 inseque-

209 1075 315 1138 rentur,
330 1073 360 1122 ut
374 1083 436 1139 oap.
446 1071 480 1127 37
497 1073 526 1122 et
538 1073 583 1138 38,
602 1068 668 1140 quin
683 1070 765 1125 etiam
779 1070 909 1125 nonnulla
926 1087 942 1126 a
955 1070 1110 1141 Tranquilli

209 1152 319 1210 nornine
334 1152 419 1223 longe
438 1157 555 1221 remota,
571 1150 643 1206 sieut
658 1151 687 1207 in
708 1153 804 1224 primis
819 1169 871 1208 sex
890 1153 1044 1224 eapitibus‚
1067 1153 1109 1209 ei-

209 1239 271 1294 dem
298 1236 405 1293 auctori
433 1235 580 1291 tribuenda
610 1251 674 1290 esse
703 1236 770 1292 satis
794 1236 979 1308 probabiliter
1003 1238 1107 1293 doeuit.

208 1321 292 1377 Cuius
308 1319 556 1391 argumentationis
572 1335 674 1374 summa
688 1321 758 1376 haeo
772 1326 831 1389 est,
846 1326 877 1376 ut
894 1326 977 1392 eaput
990 1326 1035 1390 37,
1051 1336 1107 1392 quo

206 1405 283 1461 venti
300 1409 494 1460 enumerantur
513 1409 610 1473 quater
625 1403 715 1473 terni,
735 1409 821 1459 totum
840 1404 992 1475 eodemque
1006 1404 1107 1460 ordine

207 1489 336 1545 versinus
354 1481 517 1560 leoninisoe)
533 1486 605 1542 inira
621 1505 648 1558 p.
663 1493 723 1557 305,
738 1493 772 1547 27
787 1487 878 1544 oitatis
893 1487 996 1543 inolndi
1010 1486 1108 1558 ibique

207 1570 368 1643 Tranquillo
390 1569 475 1625 tribui
499 1577 637 1637 moneret,
661 1577 717 1626 tum
738 1571 773 1627 de
798 1571 887 1642 signis
915 1577 1107 1644 tempestatum

208 1672 269 1727 oap.
293 1662 327 1715 38
348 1651 483 1710 Venonis
511 1659 539 1707 et
560 1653 664 1724 Nigidii
694 1654 875 1711 auctoritates
907 1655 1105 1712 reconditioris

208 1739 353 1795 doetrinae
369 1753 449 1808 quam
469 1752 520 1809 pro
540 1736 650 1794 Isidoro
672 1755 735 1794 esse
756 1739 969 1809 demonstraret,
984 1739 1104 1811 denique

207 1824 243 1879 ad
259 1823 346 1894 prima
359 1821 459 1894 eapite,
480 1837 550 1891 quae
566 1828 630 1877 sunt
645 1823 679 1879 da
697 1823 796 1878 diebus
811 1828 840 1878 et
854 1821 996 1880 mensibus
1014 1829 1043 1880 et
1056 1840 1106 1879 au-

206 1906 261 1976 nis,
279 1907 333 1962 duo
349 1905 476 1961 Suetonii
492 1905 608 1962 frustula
626 1924 653 1978 p.
670 1913 738 1976 305,
751 1912 786 1966 30
800 1912 829 1962 et
845 1906 1103 1979 306‚18proxima

206 1990 344 2047 aooedera
359 1990 483 2045 doceret.
527 1986 583 2045 Nos
597 1996 699 2061 tamen,
713 1996 744 2044 ut
758 1989 786 2044 in
801 2006 832 2045 re
847 2006 901 2046 non
918 1991 1001 2063 plane
1018 1997 1105 2060 certa,

205 2075 278 2131 intra
305 2073 477 2131 manifestam
501 2073 667 2145 nomineque
691 2073 794 2130 finitam
819 2075 1011 2131 austeritatem
1038 2091 1105 2130 oon-

203 2159 358 2216 sistendnm
374 2156 509 2213 duximus.

266 2242 367 2299 Collati
386 2241 421 2298 ad
447 2259 474 2313 p.
500 2246 568 2311 304,
593 2247 627 2300 18
652 2240 766 2298 oodiees
786 2242 811 2298 X
832 2248 895 2299 sunt
918 2240 1103 2313 antiquissimi

206 2342 315 2395 ornnes,
329 2324 502 2383 Basilienses
516 2330 585 2395 tres,
604 2327 761 2381 Beruenses
767 2321 801 2398 ⁹⁰)
819 2331 958 2397 quattuor,
972 2325 1103 2382 bamber-

204 2425 308 2479 genses
319 2410 386 2478 duo,
399 2408 582 2463 Bruxellanns
597 2425 678 2479 unus,
693 2425 808 2480 quornm
822 2410 918 2465 titulos
933 2410 1104 2482 seripturae-

205 2507 259 2563 que
274 2490 489 2564 discrepantiam
504 2492 646 2548 studiosus
663 2494 754 2549 leetor
770 2493 842 2565 apud
853 2494 1006 2550 Beokarum
1024 2492 1103 2550 inre-

271 2737 320 2804 89)
331 2738 400 2790 Addi
416 2738 497 2805 potuit
509 2739 558 2791 hoo
572 2755 681 2806 quoque,
699 2742 781 2793 videri
798 2742 835 2792 illi
852 2742 1016 2793 versificatori
1027 2756 1102 2807 prae·

202 2816 241 2860 ter
255 2809 346 2860 librum
363 2808 395 2858 de
407 2808 503 2858 Natura
519 2824 603 2861 rerum
621 2810 654 2860 ad
670 2826 761 2862 manus
778 2810 858 2862 fluisse
874 2824 975 2862 carmen
990 2810 1021 2861 de
1034 2810 1103 2860 Ven-

203 2879 235 2929 tis
265 2876 329 2944 (eir.
356 2877 443 2942 Meyer
466 2876 569 2932 Anthol.
590 2893 632 2930 uo.
658 2880 733 2933 1056.
766 2878 922 2931 Wernsdori
942 2882 957 2932 5
981 2895 1007 2944 p.
1029 2875 1102 2942 523)

204 2947 273 3011 quod
287 2946 413 2996 Arevalm
432 2947 463 2996 ab
475 2946 590 3012 Eugenio
603 2948 737 3011 Toletano,
755 2949 799 3013 qni
815 2964 838 2998 a.
857 2948 909 3000 057
925 2956 1038 2998 mortuns
1054 2955 1101 3010 est,

202 3016 373 3082 conseriptum
390 3016 526 3077 existimat,
542 3017 732 3069 Wernsdorflus
751 3018 790 3068 vel
803 3017 900 3068 lsldoro
917 3017 1045 3080 antiquius
1062 3017 1103 3065 iu·

203 3086 278 3137 dieat.
315 3086 349 3134 At
366 3085 409 3136 ille
422 3085 540 3135 earmiuis
558 3087 666 3152 scriptor
675 3086 794 3136 Suetonio
812 3086 881 3136 haud
896 3086 971 3136 dubie
979 3099 1042 3134 usus
1054 3091 1101 3140 est.

203 3169 261 3204 oum
278 3154 326 3204 tria
343 3161 476 3204 ventorum
491 3156 593 3205 nomina
612 3154 707 3206 Graeca
725 3155 795 3206 solus
813 3156 994 3215 subministrat,
1012 3153 1043 3202 ab
1055 3151 1102 3202 Isi-

204 3223 266 3272 doro
284 3230 308 3272 et
323 3223 463 3272 recentiore
477 3223 648 3274 versificatore
667 3223 770 3285 omissa,
791 3237 806 3273 a
822 3223 967 3289 Tranquillo
984 3234 1102 3271 neeessa-

204 3289 243 3340 rlo
261 3291 352 3352 posita.
387 3291 450 3341 Cum
464 3291 583 3342 Suetonio
601 3292 663 3342 iacit
677 3299 810 3342 ventorum
825 3299 880 3343 rota
898 3293 924 3343 in
942 3305 1030 3342 museo
1043 3288 1101 3338 Pio-

204 3357 361 3410 Clementino
380 3375 528 3411 marmorea.

206 3492 229 3544 v
257 3423 321 3546 cilll)
352 3427 421 3487 Quos
446 3437 532 3480 nostra
564 3429 647 3495 gratia
676 3429 787 3496 inspexit
811 3431 950 3482 loannes
978 3424 1089 3476 Tinde
