2434 3908
468 236 673 287 Pnauranto.
957 239 1023 287 xm
1047 289 1049 296 ,

118 407 207 478 erant,
222 397 251 455 in
264 399 317 454 hac
333 397 457 454 editione
475 404 604 455 accurate
618 413 779 470 expressam
794 412 858 453 esse
873 395 945 454 scito
956 413 1019 456 ver-

117 485 269 544 siculorum
283 481 372 537 initiis
388 480 522 536 reductis.

181 569 222 623 De
236 565 293 623 vita
311 563 460 620 Caesarum
479 565 546 621 libri
564 572 628 622 octo
644 580 698 636 quo
715 569 841 637 tempore
857 564 944 636 editi,
965 582 1021 638 quc

118 650 259 727 principio
274 647 412 728 praediti,
433 664 486 720 qna
507 648 659 705 rationein
676 648 764 705 libros
782 653 811 703 et
828 649 919 722 capita
935 649 1019 706 divisi

118 735 239 803 luerint,
261 731 455 804 exposuimus;
475 732 528 788 iam
544 732 688 787 dicendum
702 738 764 802 est,
785 747 842 803 quo
856 733 977 790 consilio
993 738 1022 788 et
1050 735 1053 742 '

120 835 175 893 quo
192 814 334 874 scribendi
356 832 462 886 genere
478 815 641 888 compositi,
659 815 778 887 denique
792 815 891 887 quibus
908 816 1020 874 iudiciis
1128 833 1131 844 ·

120 899 274 976 aposteris
292 899 404 972 excepti
420 899 484 956 sint.

97 1047 99 1050 ,
181 982 293 1041 Amisso
308 983 403 1055 operis
417 982 498 1040 initio
515 999 574 1038 cum
591 988 731 1040 auctorem
746 985 836 1057 ipsum
850 984 885 1040 de
901 982 1021 1041 consilio

120 1085 172 1128 sno
187 1066 348 1137 laborisque
360 1065 524 1123 adiumentis
534 1065 778 1125 disserentemnon
794 1067 955 1137 habeamus,
969 1067 1023 1124 lnce

121 1152 187 1210 mihi
203 1151 313 1208 videtur
328 1156 391 1206 ante
412 1151 503 1214 omnia
523 1165 556 1208 ac
574 1150 665 1223 probe
682 1151 827 1207 tenendum
846 1167 927 1220 esse,
948 1155 978 1205 ιιι
993 1150 1022 1207 in

120 1237 272 1294 vitarum
294 1233 563 1307 scriptoribus,
583 1249 637 1290 non
654 1233 681 1290 in
699 1233 876 1292 historiarum
900 1234 1024 1291 auctori-

121 1322 174 1377 bus
195 1317 332 1376 collocari
353 1334 385 1374 se
399 1312 562 1391 voluerit³).
605 1318 700 1389 ltaque
717 1317 811 1390 inique
833 1313 956 1387 laceret,
976 1316 1023 1389 qui

122 1402 282 1477 prooemia,
308 1401 471 1472 crationes,
492 1418 597 1458 morum
617 1401 840 1460 adumbrationes
862 1407 890 1457 et
910 1400 1023 1473 siquae

123 1488 216 1545 solent
231 1485 314 1542 huius
330 1484 443 1556 generis
459 1485 559 1542 altiora
572 1492 600 1542 et
614 1486 747 1558 ampliora
758 1487 793 1541 ab
805 1483 948 1541 historicis
963 1501 1023 1540 cum

123 1574 371 1640 rerumgestarum
386 1569 518 1625 memoria
536 1569 683 1640 coniungi,
706 1587 721 1626 a
735 1568 896 1640 Tranquillo
912 1567 1024 1625 deside·
1056 1565 1059 1572 ’

122 1660 214 1718 reret;
235 1651 301 1709 talia
322 1668 413 1724 neque
433 1652 546 1724 scripsit
568 1670 657 1724 neque
674 1670 705 1708 se
719 1653 886 1725 scripturum
906 1652 1024 1725 recepit,

122 1738 179 1793 hoc
200 1752 280 1791 unum
303 1742 415 1792 secutus
437 1742 467 1790 ut
488 1735 635 1793 Caesarum
660 1736 806 1793 duodecim
826 1735 909 1792 vitam
935 1752 1025 1806 neque

126 1818 272 1892 quicquam
290 1825 437 1891 praeterea
460 1826 660 1891 componeret..
691 1821 757 1877 Tale
779 1819 924 1876 consilium
938 1819 1025 1876 haud-

126 1919 263 1976 quaquam
278 1902 484 1974 improbandum
506 1904 594 1974 duco,
616 1920 676 1959 cum
698 1921 744 1960 res
760 1902 932 1960 enarrandae
951 1909 1024 1972 sunt,

125 2003 240 2059 quarum
254 2002 355 2041 summa
370 1987 405 2043 ad
423 2003 503 2042 unum
519 1987 672 2060 principem
693 1988 774 2059 regio
791 1986 900 2058 quidem
916 1987 1025 2042 nomine

124 2076 265 2128 carentem
283 2069 333 2125 sed
353 2076 492 2142 potestate
511 2070 573 2142 plus
596 2087 675 2142 quam
699 2071 777 2141 regia
799 2070 953 2143 praeditum
977 2069 1026 2125 de·
1077 2107 1080 2114 .

123 2157 180 2211 lata
197 2161 254 2218 est;
270 2153 350 2210 immo
362 2153 526 2210 laudandum
544 2170 607 2210 esse
621 2153 767 2224 existimo,
783 2169 842 2209 cum
861 2153 1025 2224 scriptorem

125 2239 245 2310 aliquem
275 2237 358 2293 rideo
386 2237 561 2294 intellexisse
594 2239 650 2294 hoc
678 2254 710 2294 se
738 2236 879 2293 scribendi
910 2250 1025 2306 genere,

126 2322 200 2394 qnod
220 2323 249 2377 in
263 2320 329 2378 uitis
354 2320 526 2394 exponendis
542 2327 686 2391 versetur,
707 2321 817 2377 facilius
836 2335 914 2391 quam
935 2317 1025 2375 histo-

124 2406 184 2463 rica
197 2411 267 2476 arte,
286 2421 350 2461 rara
365 2405 414 2461 illa
430 2410 457 2460 et
474 2405 630 2477 praeclare,
643 2411 672 2460 et
686 2405 740 2461 sibi
756 2411 785 2461 et
799 2404 863 2460 aliis
877 2403 945 2460 salis
961 2418 1025 2460 esse

125 2489 269 2546 iacturum.

186 2571 243 2628 Sed
255 2574 310 2629 hoc
327 2577 417 2628 tamen
434 2572 639 2630 concedendum
658 2579 710 2644 est,
727 2549 921 2628 suetonianum
937 2587 1025 2642 genus
1035 2573 1113 2628 opero
1131 2573 1185 2616 ’Νι

125 2672 216 2728 neque
237 2656 272 2712 ad
291 2655 379 2712 Taciti
402 2656 563 2726 Agricolam
585 2674 675 2728 neque
697 2657 731 2714 ed
753 2656 932 2712 Plutareheas
953 2655 1025 2710 vites

126 2739 273 2797 accedere.
301 2738 417 2795 Primum
432 2737 504 2796 euim
518 2747 670 2815 temporum
684 2739 794 2796 nimium
809 2739 958 2810 indiligens
974 2743 1026 2806 est,

126 2839 188 2879 cum
205 2838 260 2880 non
276 2822 409 2881 modoad
429 2839 561 2881 annorum
581 2841 709 2881 numeros
725 2829 836 2896 praeter
852 2823 969 2879 natalem
985 2820 1026 2876 ia·
1045 2869 1047 2876 .

126 2907 264 2978 talemque
276 2907 348 2964 diem
364 2907 431 2962 nihil
449 2907 508 2963 lere
520 2909 656 2978 retulerit,
671 2908 771 2964 sedne
787 2923 838 2980 per
853 2904 951 2963 aetatis
964 2901 1025 2975 qui-

127 2991 190 3046 dem
220 2991 322 3061 medus
344 2991 503 3047 distinxerit
534 2992 594 3048 eius
615 2991 733 3048 hominis
757 2990 835 3046 euius
856 2989 939 3046 vitem
959 3002 1025 3058 per-

127 3072 265 3145 sequitur,
276 3089 368 3132 mores
381 3075 590 3144 corroboratos,
601 3076 767 3143 immutatos,
783 3077 946 3144 corruptos;
961 3068 1026 3126 hinc

127 3157 159 3213 iit
173 3163 204 3212 ut
223 3157 299 3214 illins
314 3175 418 3214 morum
441 3165 494 3213 tem
511 3160 646 3215 bonorum
665 3175 745 3231 qnam
762 3158 894 3214 malorum
915 3153 1025 3224 singula

127 3241 292 3297 documenta
307 3241 587 3314 inveniamusmulte,
602 3243 652 3298 sed
660 3241 783 3298 universi
799 3238 904 3310 ingenii
919 3253 983 3294 mox
997 3236 1026 3291 in

197 3369 226 3430 3)
250 3371 278 3419 Id
293 3386 324 3419 ne
342 3371 479 3437 Vopiscum
497 3373 598 3436 quidem
616 3371 701 3434 latuit,
726 3371 769 3434 qui
793 3371 818 3418 in
836 3367 917 3420 Probo
934 3382 990 3432 cap.
1009 3367 1026 3414 2

127 3455 179 3490 nou
193 3447 220 3488 ut
234 3439 385 3499 Sallustios,
405 3439 498 3503 inquit,
516 3443 604 3492 Lioios
624 3441 724 3491 Tacitoa
740 3441 837 3504 Propoc
904 3439 1025 3493 tntum.

127 3507 177 3557 aed
191 3506 300 3558 Marium
317 3507 471 3570 Mucimmn,
489 3509 629 3561 Suetonium
645 3509 812 3574 limoquillmn
828 3515 866 3557 ete
