2466 3896
457 208 488 256 o.
510 207 692 256 cacianus.
1009 196 1066 256 127

79 363 191 442 Sparsit
212 370 240 421 et
261 361 378 421 missilia
392 361 533 421 variarum
547 379 657 438 rerum,
684 370 713 421 et
729 361 843 439 panaria
862 379 925 421 cunr
943 360 1065 421 obsonio

78 447 183 505 viritim
203 445 309 513 divisit;
332 463 386 523 qua
413 445 576 523 epulatione
604 445 690 522 equiti
715 445 751 505 R.
774 454 872 505 eontra
893 464 925 505 se
951 445 1066 504 hilarius
1202 492 1203 522 ,

78 529 245 607 avidiusque
272 529 400 588 vescenti
427 537 523 606 partes
554 546 619 587 suas
639 530 728 603 misit,
755 529 855 588 sedet
880 530 1008 590 senatori
1028 526 1065 587 ob
1122 583 1124 587 ,
1202 523 1203 568 f

77 612 197 674 eandem
213 631 325 672 cansam
348 609 514 689 codicillos,
534 610 635 689 quibus
656 621 817 689 praetorem
836 630 898 672 eum
920 621 1001 673 extra
1021 629 1065 672 or·

54 697 172 764 udinem
188 695 364 773 designabat.
399 694 494 755 Edidit
517 704 546 754 et
568 697 713 756 circenses
737 695 875 773 plurimos
897 714 1012 756 amane
1030 695 1067 755 ad

77 797 244 860 vesperam,
276 781 426 839 interiecta
452 780 537 839 modo
567 777 766 838 Africanarum
795 781 948 839 venatione
980 780 1066 840 modo

74 864 181 925 Troiae
197 863 378 939 decursione,
402 871 430 922 et
447 862 585 941 quosdam
599 864 782 942 praecipuos,
802 864 887 923 minio
905 872 934 922 et
949 864 1065 939 obryso·

75 947 155 1008 oolla
169 955 314 1006 constrato
334 948 423 1023 sirco,
445 965 501 1006 nec
516 947 582 1006 ullis
595 947 650 1006 nisi
665 964 701 1005 ex
719 948 864 1006 senatorio
879 946 977 1006 ordine
993 947 1065 1006 auri·
1206 934 1207 1002 l

74 1030 219 1110 gantibus.
256 1028 403 1089 Commisit
425 1039 452 1089 et
474 1029 600 1106 subitos,
621 1048 683 1089 cum
700 1048 716 1089 e
732 1029 879 1090 Gelotiana
902 1041 1066 1108 apparatum

43 1133 65 1175 ro
75 1116 149 1176 circi
163 1115 387 1194 prospicientem
399 1115 483 1192 pauci
496 1132 533 1174 ex
544 1115 683 1193 proximis
694 1113 850 1173 Maenianis
863 1113 1065 1190 postulassent.

138 1197 251 1258 Novum
269 1205 421 1276 praeterea
442 1205 526 1276 atque
552 1198 703 1257 inauditum
723 1215 815 1275 genus
837 1195 997 1274 spectaculi
1016 1215 1065 1254 ex·
1075 1211 1106 1265 19
1209 1269 1210 1276 ¹

74 1281 225 1360 cogitarit.
267 1280 339 1339 Nam
355 1279 484 1340 Baiarum
501 1281 622 1340 medium
645 1280 825 1340 intervallum
841 1279 877 1338 ad
896 1279 1066 1339 Puteolanas

72 1366 183 1443 moles,
203 1365 285 1424 trium
306 1364 410 1423 milium
431 1373 460 1422 et
480 1373 678 1424 sescentorum
699 1365 762 1423 iere
780 1381 912 1442 passuum
937 1363 1066 1441 spatium,

72 1458 166 1531 ponte
195 1447 357 1522 coniunxit,
393 1449 548 1507 contractis
573 1447 696 1527 undique
723 1449 861 1508 onerariis
893 1447 1012 1508 navibus
1039 1455 1068 1505 et

42 1557 62 1598 m
72 1531 177 1594 ordine
195 1529 299 1609 duplici
315 1530 350 1590 ad
365 1530 506 1591 anchoras
522 1531 695 1608 conlocatis,
718 1533 941 1611 superiectoque
957 1547 1067 1608 aggere

71 1628 193 1677 terreno
214 1632 248 1673 ae
264 1613 374 1674 directo
394 1615 422 1674 in
439 1614 553 1693 Appiae
574 1617 638 1676 viae
657 1616 787 1676 formam.
825 1616 882 1676 Per
903 1614 977 1675 bunc
997 1633 1066 1693 pou·

71 1712 133 1761 tem
147 1697 222 1757 ultro
246 1699 317 1756 citro
339 1702 506 1758 commeavit
520 1699 606 1760 biduo
626 1701 795 1777 continenti,
815 1702 906 1779 primo
929 1699 975 1758 die
997 1698 1066 1758 iale-

71 1791 139 1843 rato
171 1798 245 1859 equo
267 1782 444 1860 insignisque
470 1801 595 1861 quercea
617 1801 723 1844 corona
745 1793 773 1843 et
801 1793 897 1848 caetra
919 1793 948 1844 et
969 1781 1067 1860 gladio

73 1882 221 1942 aureaque
237 1863 373 1942 clamide,
397 1866 536 1943 postridie
551 1868 733 1945 quadrigario
754 1865 851 1926 babitu
867 1867 1067 1944 curriculoque

39 1949 165 2026 tobiiugi
191 1947 365 2007 famosorum
381 1965 532 2026 equorum,
555 1969 624 2028 prae
647 1970 679 2011 se
700 1951 797 2010 terens
812 1950 935 2010 Dareum
950 1967 1068 2029 puerum

72 2053 114 2093 ex
135 2029 302 2090 Parthorum
320 2030 483 2108 obsidibus,
512 2035 663 2094 eomitante
690 2035 935 2111 praetorianorum
955 2035 1067 2108 agmine

73 2116 143 2176 etin
163 2114 273 2174 essedis
287 2114 406 2174 cohorte
421 2115 584 2175 amicorum.
621 2117 688 2176 Soio
704 2116 860 2194 plerosque
877 2117 1067 2190 existimasse,

73 2199 161 2260 talem
180 2217 195 2258 a
214 2197 284 2260 Gaio
306 2207 423 2277 pontem
445 2201 638 2275 excogitatum
661 2198 849 2259 aemulatione
867 2197 990 2274 Xerxis,
1021 2199 1067 2275 qui

73 2299 133 2342 non
159 2283 220 2341 sine
248 2282 434 2342 admiratione
463 2282 606 2360 aliquanto
633 2283 827 2360 angustiorem
851 2281 1067 2361 Hellespontum

44 2365 320 2434 accontabulaverit;
349 2364 437 2441 alios,
457 2375 486 2425 ut
508 2365 683 2427 Germaniam
708 2374 737 2425 et
759 2364 943 2443 Britanniam,
966 2365 1067 2444 quibus

74 2447 254 2525 imminebat,
288 2448 407 2509 alicuius
435 2449 553 2509 inmensi
581 2451 678 2529 operis
707 2450 780 2509 lama
806 2450 959 2510 territaret.
1010 2448 1068 2510 Sed

74 2550 159 2594 avum
178 2550 270 2591 meum
295 2541 455 2592 narrantem
476 2552 548 2611 puer
571 2533 733 2609 audiebam,
769 2551 881 2594 causam
910 2535 1008 2612 operis
1032 2534 1068 2592 ab

75 2615 260 2676 interioribus
288 2615 387 2675 aulicis
409 2618 549 2695 proditam
565 2617 641 2695 quod
669 2617 824 2693 Thrasylus
854 2617 1068 2678 mathematicus

76 2701 162 2760 anxio
179 2698 214 2758 de
237 2717 409 2759 successore
432 2700 547 2760 Tiberio
566 2711 595 2761 et
617 2703 644 2760 in
664 2720 762 2760 verum
783 2710 918 2779 nepotem
939 2702 1067 2780 proniori

30 2788 68 2870 ,³⁰
77 2784 263 2859 affirmasset,
301 2801 362 2843 noo
387 2785 486 2862 magis
516 2784 625 2844 Guium
655 2784 875 2862 imperaturam
899 2802 990 2864 pocot
1010 2801 1068 2862 per

77 2865 230 2926 Rodanum
241 2865 340 2927 mnam
354 2867 439 2945 equis
451 2867 670 2928 discussorum.

139 2948 236 3009 Edidit
250 2959 278 3009 et
292 2968 416 3028 peregre
433 2952 613 3030 spectacula,
635 2953 664 3010 in
680 2952 776 3011 Sicilia
792 2951 943 3024 Syracusis
959 2950 1066 3010 asticos
1075 2961 1110 3015 20

77 3032 174 3110 ludos,
205 3041 233 3092 et
254 3034 282 3092 in
309 3032 400 3094 Gallia
425 3034 572 3112 Luguduni
592 3034 753 3104 miscellos;
782 3033 901 3093 sedhic
924 3041 1067 3116 certamen

78 3133 191 3196 quoque
207 3115 336 3176 Graecae
350 3116 524 3196 Latinaeque
538 3118 705 3196 facundiae,
727 3135 784 3196 quo
806 3118 959 3177 certamine
974 3118 1068 3177 ferunt

48 3200 236 3260 ilvictoribus
266 3201 391 3279 praemia
413 3202 506 3261 victos
535 3203 704 3279 contulisse,
733 3202 887 3261 eorundem
912 3210 941 3260 et
968 3199 1068 3261 laudes

80 3300 254 3363 componere
272 3293 407 3353 coaetos;
432 3303 484 3345 eos
508 3295 617 3364 autem,
642 3285 820 3364 quimaxime
844 3285 1067 3363 displicuissent,

80 3368 186 3447 scripta
215 3385 266 3427 sua
298 3385 429 3446 spongea
458 3369 592 3447 linguave
616 3369 714 3430 delere
741 3370 851 3445 iussos,
886 3370 940 3428 uisi
967 3369 1068 3429 ferulis

80 3451 224 3528 obiurgari
239 3459 286 3510 aut
300 3450 412 3511 flumine
428 3454 559 3530 proximo
574 3454 665 3532 mergi
681 3452 854 3512 maluissent.
