<?xml version="1.0" encoding="UTF-8"?>
<!DOCTYPE html PUBLIC "-//W3C//DTD XHTML 1.0 Transitional//EN"
    "http://www.w3.org/TR/xhtml1/DTD/xhtml1-transitional.dtd">
<html xmlns="http://www.w3.org/1999/xhtml" xml:lang="en" lang="en">
 <head>
  <title>
</title>
<meta http-equiv="Content-Type" content="text/html;charset=utf-8" />
  <meta name='ocr-system' content='tesseract 3.04.00' />
  <meta name='ocr-capabilities' content='ocr_page ocr_carea ocr_par ocr_line ocrx_word'/>
</head>
<body>
  <div class='ocr_page' id='page_1' title='image "./csuetonitranqui00suetgoog_0032.png"; bbox 0 0 2434 3908; ppageno 0'>
   <div class='ocr_carea' id='block_1_1' title="bbox 2 3454 6 3481">
    <p class='ocr_par' dir='ltr' id='par_1_1' title="bbox 2 3454 6 3481">
     <span class='ocr_line' id='line_1_1' title="bbox 2 3454 6 3481; baseline 0 0"><span class='ocrx_word' id='word_1_1' title='bbox 2 3454 6 3481; x_wconf 87' lang='lat' dir='ltr'>l</span> 
     </span>
    </p>
   </div>
   <div class='ocr_carea' id='block_1_2' title="bbox 452 244 1014 296">
    <p class='ocr_par' dir='ltr' id='par_1_2' title="bbox 452 244 1014 296">
     <span class='ocr_line' id='line_1_2' title="bbox 452 244 1014 296; baseline 0.009 -5"><span class='ocrx_word' id='word_1_2' title='bbox 452 244 664 294; x_wconf 78' lang='lat' dir='ltr'>PRAEFATIO.</span> <span class='ocrx_word' id='word_1_3' title='bbox 941 247 1014 296; x_wconf 82' lang='lat' dir='ltr'>XXV</span> 
     </span>
    </p>
   </div>
   <div class='ocr_carea' id='block_1_3' title="bbox 104 401 1017 898">
    <p class='ocr_par' dir='ltr' id='par_1_3' title="bbox 104 401 1017 898">
     <span class='ocr_line' id='line_1_3' title="bbox 104 401 1015 476; baseline 0.005 -19"><span class='ocrx_word' id='word_1_4' title='bbox 104 401 179 474; x_wconf 87' lang='lat' dir='ltr'>dico,</span> <span class='ocrx_word' id='word_1_5' title='bbox 202 401 444 476; x_wconf 71' lang='lat' dir='ltr'>dopositum,</span> <span class='ocrx_word' id='word_1_6' title='bbox 474 402 689 474; x_wconf 87' lang='lat' dir='ltr'>Hulsiauum‚</span> <span class='ocrx_word' id='word_1_7' title='bbox 713 405 934 475; x_wconf 76' lang='lat' dir='ltr'>lismensem,</span> <span class='ocrx_word' id='word_1_8' title='bbox 955 403 1015 462; x_wconf 83' lang='lat' dir='ltr'>Pa-</span> 
     </span>
     <span class='ocr_line' id='line_1_4' title="bbox 104 486 1015 561; baseline 0.005 -20"><span class='ocrx_word' id='word_1_9' title='bbox 104 486 235 542; x_wconf 81' lang='lat' dir='ltr'>latinos</span> <span class='ocrx_word' id='word_1_10' title='bbox 270 494 358 556; x_wconf 86' lang='lat' dir='ltr'>tres,</span> <span class='ocrx_word' id='word_1_11' title='bbox 395 487 665 560; x_wconf 90' lang='lat' dir='ltr'>Viterbieusem,</span> <span class='ocrx_word' id='word_1_12' title='bbox 703 487 1015 561; x_wconf 79' lang='lat' dir='ltr'>Guelferbytnunm</span> 
     </span>
     <span class='ocr_line' id='line_1_5' title="bbox 104 563 1017 648; baseline 0.007 -23"><span class='ocrx_word' id='word_1_13' title='bbox 104 563 305 648; x_wconf 83' lang='lat' dir='ltr'>primum¹⁴).</span> <span class='ocrx_word' id='word_1_14' title='bbox 342 569 375 625; x_wconf 91' lang='lat' dir='ltr'>lli</span> <span class='ocrx_word' id='word_1_15' title='bbox 399 571 622 645; x_wconf 77' lang='lat' dir='ltr'>omnesp.128‚</span> <span class='ocrx_word' id='word_1_16' title='bbox 647 571 684 628; x_wconf 99' lang='grc'>16</span> <span class='ocrx_word' id='word_1_17' title='bbox 707 574 846 630; x_wconf 80' lang='lat' dir='ltr'>derceio</span> <span class='ocrx_word' id='word_1_18' title='bbox 869 577 945 629; x_wconf 84' lang='lat' dir='ltr'>venit</span> <span class='ocrx_word' id='word_1_19' title='bbox 964 591 1017 631; x_wconf 77' lang='lat' dir='ltr'>tto·</span> 
     </span>
     <span class='ocr_line' id='line_1_6' title="bbox 105 654 1015 731; baseline 0.001 -20"><span class='ocrx_word' id='word_1_20' title='bbox 105 657 147 711; x_wconf 84' lang='lat' dir='ltr'>bis</span> <span class='ocrx_word' id='word_1_21' title='bbox 173 670 230 712; x_wconf 69' lang='lat' dir='ltr'>retr</span> <span class='ocrx_word' id='word_1_22' title='bbox 254 661 282 710; x_wconf 88' lang='lat' dir='ltr'>et</span> <span class='ocrx_word' id='word_1_23' title='bbox 309 671 335 728; x_wconf 89' lang='lat' dir='ltr'>p.</span> <span class='ocrx_word' id='word_1_24' title='bbox 360 654 435 726; x_wconf 84' lang='lat'>168,</span> <span class='ocrx_word' id='word_1_25' title='bbox 464 654 503 712; x_wconf 87' lang='grc'>33</span> <span class='ocrx_word' id='word_1_26' title='bbox 532 661 630 711; x_wconf 84' lang='lat' dir='ltr'>rectos</span> <span class='ocrx_word' id='word_1_27' title='bbox 653 655 748 726; x_wconf 82' lang='lat' dir='ltr'>facite</span> <span class='ocrx_word' id='word_1_28' title='bbox 778 657 854 728; x_wconf 82' lang='lat' dir='ltr'>quasi</span> <span class='ocrx_word' id='word_1_29' title='bbox 882 657 1015 731; x_wconf 89' lang='lat' dir='ltr'>intorpre-</span> 
     </span>
     <span class='ocr_line' id='line_1_7' title="bbox 104 737 1014 811; baseline 0.003 -16"><span class='ocrx_word' id='word_1_30' title='bbox 104 737 178 796; x_wconf 84' lang='lat' dir='ltr'>tandi</span> <span class='ocrx_word' id='word_1_31' title='bbox 197 755 276 794; x_wconf 83' lang='lat' dir='ltr'>causa</span> <span class='ocrx_word' id='word_1_32' title='bbox 297 738 489 811; x_wconf 85' lang='lat' dir='ltr'>interponunt,</span> <span class='ocrx_word' id='word_1_33' title='bbox 512 756 539 811; x_wconf 90' lang='lat' dir='ltr'>p.</span> <span class='ocrx_word' id='word_1_34' title='bbox 557 737 628 810; x_wconf 86' lang='grc'>224,</span> <span class='ocrx_word' id='word_1_35' title='bbox 652 739 829 796; x_wconf 75' lang='grc' dir='ltr'>7100ον1010</span> <span class='ocrx_word' id='word_1_36' title='bbox 851 749 953 810; x_wconf 83' lang='lat' dir='ltr'>sponte</span> <span class='ocrx_word' id='word_1_37' title='bbox 975 759 1014 798; x_wconf 85' lang='lat' dir='ltr'>on</span> 
     </span>
     <span class='ocr_line' id='line_1_8' title="bbox 105 821 970 898; baseline 0.002 -18"><span class='ocrx_word' id='word_1_38' title='bbox 105 828 241 881; x_wconf 73' lang='lat' dir='ltr'>euocatus</span> <span class='ocrx_word' id='word_1_39' title='bbox 263 821 401 894; x_wconf 84' lang='lat' dir='ltr'>scribunt,</span> <span class='ocrx_word' id='word_1_40' title='bbox 423 839 450 898; x_wconf 91' lang='lat' dir='ltr'>p.</span> <span class='ocrx_word' id='word_1_41' title='bbox 468 821 540 895; x_wconf 80' lang='grc'>245,</span> <span class='ocrx_word' id='word_1_42' title='bbox 557 823 580 878; x_wconf 66' lang='grc'>’9</span> <span class='ocrx_word' id='word_1_43' title='bbox 603 826 632 878; x_wconf 83' lang='lat' dir='ltr'>in</span> <span class='ocrx_word' id='word_1_44' title='bbox 650 827 810 894; x_wconf 80' lang='lat' dir='ltr'>provinciis</span> <span class='ocrx_word' id='word_1_45' title='bbox 832 827 970 882; x_wconf 87' lang='lat' dir='ltr'>omittunt.</span> 
     </span>
    </p>
   </div>
   <div class='ocr_carea' id='block_1_4' title="bbox 105 1001 1080 3088">
    <p class='ocr_par' dir='ltr' id='par_1_4' title="bbox 105 1001 1080 3088">
     <span class='ocr_line' id='line_1_9' title="bbox 173 1001 1015 1068; baseline 0.002 -15"><span class='ocrx_word' id='word_1_46' title='bbox 173 1003 216 1068; x_wconf 84' lang='lat'>14)</span> <span class='ocrx_word' id='word_1_47' title='bbox 234 1002 362 1054; x_wconf 86' lang='lat' dir='ltr'>Medioeus</span> <span class='ocrx_word' id='word_1_48' title='bbox 383 1004 495 1068; x_wconf 87' lang='lat' dir='ltr'>primus,</span> <span class='ocrx_word' id='word_1_49' title='bbox 519 1001 597 1067; x_wconf 92' lang='lat' dir='ltr'>plutei</span> <span class='ocrx_word' id='word_1_50' title='bbox 620 1003 652 1054; x_wconf 83' lang='lat'>66</span> <span class='ocrx_word' id='word_1_51' title='bbox 676 1019 779 1054; x_wconf 86' lang='lat' dir='ltr'>numero</span> <span class='ocrx_word' id='word_1_52' title='bbox 797 1006 843 1066; x_wconf 86' lang='grc'>39,</span> <span class='ocrx_word' id='word_1_53' title='bbox 865 1005 960 1057; x_wconf 87' lang='lat' dir='ltr'>saeculi</span> <span class='ocrx_word' id='word_1_54' title='bbox 977 1005 1015 1055; x_wconf 86' lang='lat' dir='ltr'>Xl</span> 
     </span>
     <span class='ocr_line' id='line_1_10' title="bbox 106 1069 1010 1132; baseline 0 -9"><span class='ocrx_word' id='word_1_55' title='bbox 106 1071 234 1123; x_wconf 87' lang='lat' dir='ltr'>Gronovio</span> <span class='ocrx_word' id='word_1_56' title='bbox 261 1072 406 1132; x_wconf 87' lang='lat' dir='ltr'>videbatur;</span> <span class='ocrx_word' id='word_1_57' title='bbox 433 1071 542 1120; x_wconf 86' lang='lat' dir='ltr'>Baudini</span> <span class='ocrx_word' id='word_1_58' title='bbox 566 1086 634 1121; x_wconf 87' lang='lat' dir='ltr'>saec.</span> <span class='ocrx_word' id='word_1_59' title='bbox 655 1069 716 1120; x_wconf 88' lang='lat' dir='ltr'>Xlll</span> <span class='ocrx_word' id='word_1_60' title='bbox 741 1073 851 1122; x_wconf 88' lang='lat' dir='ltr'>ineuntis</span> <span class='ocrx_word' id='word_1_61' title='bbox 878 1073 960 1126; x_wconf 87' lang='lat' dir='ltr'>docet.</span> <span class='ocrx_word' id='word_1_62' title='bbox 981 1097 1010 1113; x_wconf 64' lang='lat' dir='ltr'>-v</span> 
     </span>
     <span class='ocr_line' id='line_1_11' title="bbox 105 1138 1016 1204; baseline 0.002 -16"><span class='ocrx_word' id='word_1_63' title='bbox 105 1140 292 1189; x_wconf 84' lang='lat' dir='ltr'>Tornaceusem</span> <span class='ocrx_word' id='word_1_64' title='bbox 318 1139 431 1188; x_wconf 88' lang='lat' dir='ltr'>codicem</span> <span class='ocrx_word' id='word_1_65' title='bbox 456 1147 630 1204; x_wconf 84' lang='lat' dir='ltr'>pervetustum</span> <span class='ocrx_word' id='word_1_66' title='bbox 652 1154 666 1187; x_wconf 88' lang='lat' dir='ltr'>e</span> <span class='ocrx_word' id='word_1_67' title='bbox 688 1140 843 1189; x_wconf 85' lang='lat' dir='ltr'>monasterio</span> <span class='ocrx_word' id='word_1_68' title='bbox 866 1138 893 1190; x_wconf 91' lang='lat' dir='ltr'>S.</span> <span class='ocrx_word' id='word_1_69' title='bbox 915 1140 1016 1190; x_wconf 86' lang='lat' dir='ltr'>Martini</span> 
     </span>
     <span class='ocr_line' id='line_1_12' title="bbox 106 1205 1016 1270; baseline 0.004 -14"><span class='ocrx_word' id='word_1_70' title='bbox 106 1205 216 1256; x_wconf 84' lang='lat' dir='ltr'>ablatum</span> <span class='ocrx_word' id='word_1_71' title='bbox 245 1205 386 1257; x_wconf 86' lang='lat' dir='ltr'>Gulielmns</span> <span class='ocrx_word' id='word_1_72' title='bbox 420 1205 558 1256; x_wconf 89' lang='lat' dir='ltr'>Montioius</span> <span class='ocrx_word' id='word_1_73' title='bbox 588 1205 688 1270; x_wconf 68' lang='lat' dir='ltr'>anglus</span> <span class='ocrx_word' id='word_1_74' title='bbox 722 1221 790 1256; x_wconf 89' lang='lat' dir='ltr'>anno</span> <span class='ocrx_word' id='word_1_75' title='bbox 822 1208 920 1257; x_wconf 75' lang='lat' dir='ltr'><strong>circiter</strong></span> <span class='ocrx_word' id='word_1_76' title='bbox 949 1210 1016 1260; x_wconf 83' lang='lat'>1515</span> 
     </span>
     <span class='ocr_line' id='line_1_13' title="bbox 107 1273 1016 1332; baseline 0.002 -9"><span class='ocrx_word' id='word_1_77' title='bbox 107 1275 226 1332; x_wconf 80' lang='lat' dir='ltr'>Erasmo,</span> <span class='ocrx_word' id='word_1_78' title='bbox 249 1273 372 1324; x_wconf 84' lang='lat' dir='ltr'>Erasmus</span> <span class='ocrx_word' id='word_1_79' title='bbox 390 1288 414 1324; x_wconf 85' lang='lat' dir='ltr'>a.</span> <span class='ocrx_word' id='word_1_80' title='bbox 434 1275 500 1324; x_wconf 84' lang='grc'>1530</span> <span class='ocrx_word' id='word_1_81' title='bbox 517 1273 641 1323; x_wconf 86' lang='lat' dir='ltr'>Glareano</span> <span class='ocrx_word' id='word_1_82' title='bbox 663 1274 731 1323; x_wconf 89' lang='lat' dir='ltr'>dono</span> <span class='ocrx_word' id='word_1_83' title='bbox 750 1274 828 1324; x_wconf 83' lang='lat' dir='ltr'><strong>dedit.</strong></span> <span class='ocrx_word' id='word_1_84' title='bbox 862 1275 955 1324; x_wconf 77' lang='lat' dir='ltr'><strong>Postea</strong></span> <span class='ocrx_word' id='word_1_85' title='bbox 977 1287 1016 1325; x_wconf 89' lang='lat' dir='ltr'>ta-</span> 
     </span>
     <span class='ocr_line' id='line_1_14' title="bbox 106 1338 1015 1407; baseline 0.001 -16"><span class='ocrx_word' id='word_1_86' title='bbox 106 1357 163 1391; x_wconf 87' lang='lat' dir='ltr'>men</span> <span class='ocrx_word' id='word_1_87' title='bbox 181 1357 196 1390; x_wconf 84' lang='lat' dir='ltr'>a</span> <span class='ocrx_word' id='word_1_88' title='bbox 213 1342 416 1391; x_wconf 85' lang='lat' dir='ltr'>Tornuceusibus</span> <span class='ocrx_word' id='word_1_89' title='bbox 433 1343 587 1406; x_wconf 88' lang='lat' dir='ltr'>reciperatus</span> <span class='ocrx_word' id='word_1_90' title='bbox 609 1349 660 1400; x_wconf 88' lang='lat' dir='ltr'>est,</span> <span class='ocrx_word' id='word_1_91' title='bbox 682 1355 739 1390; x_wconf 89' lang='lat' dir='ltr'>cum</span> <span class='ocrx_word' id='word_1_92' title='bbox 758 1351 783 1390; x_wconf 87' lang='lat' dir='ltr'>et</span> <span class='ocrx_word' id='word_1_93' title='bbox 799 1338 884 1390; x_wconf 88' lang='lat' dir='ltr'>Delrio</span> <span class='ocrx_word' id='word_1_94' title='bbox 907 1341 952 1407; x_wconf 88' lang='lat' dir='ltr'>(ad</span> <span class='ocrx_word' id='word_1_95' title='bbox 970 1341 1015 1392; x_wconf 86' lang='lat' dir='ltr'>Se·</span> 
     </span>
     <span class='ocr_line' id='line_1_15' title="bbox 107 1406 1015 1474; baseline 0 -15"><span class='ocrx_word' id='word_1_96' title='bbox 107 1424 193 1460; x_wconf 78' lang='lat' dir='ltr'>nerem</span> <span class='ocrx_word' id='word_1_97' title='bbox 211 1411 336 1474; x_wconf 87' lang='lat' dir='ltr'>tragicum</span> <span class='ocrx_word' id='word_1_98' title='bbox 354 1424 379 1474; x_wconf 91' lang='lat' dir='ltr'>p.</span> <span class='ocrx_word' id='word_1_99' title='bbox 399 1406 460 1470; x_wconf 86' lang='grc'>239)</span> <span class='ocrx_word' id='word_1_100' title='bbox 483 1423 540 1457; x_wconf 93' lang='lat' dir='ltr'>eum</span> <span class='ocrx_word' id='word_1_101' title='bbox 558 1408 649 1457; x_wconf 88' lang='lat' dir='ltr'>viderit</span> <span class='ocrx_word' id='word_1_102' title='bbox 666 1418 691 1458; x_wconf 85' lang='lat' dir='ltr'>et</span> <span class='ocrx_word' id='word_1_103' title='bbox 708 1409 858 1458; x_wconf 83' lang='lat' dir='ltr'>Torrentius</span> <span class='ocrx_word' id='word_1_104' title='bbox 876 1423 944 1459; x_wconf 91' lang='lat' dir='ltr'>nova</span> <span class='ocrx_word' id='word_1_105' title='bbox 960 1411 1015 1460; x_wconf 87' lang='lat' dir='ltr'>eins</span> 
     </span>
     <span class='ocr_line' id='line_1_16' title="bbox 107 1474 1016 1530; baseline 0 -4"><span class='ocrx_word' id='word_1_106' title='bbox 107 1478 241 1527; x_wconf 87' lang='lat' dir='ltr'>collatione</span> <span class='ocrx_word' id='word_1_107' title='bbox 262 1493 324 1527; x_wconf 90' lang='lat' dir='ltr'>usus</span> <span class='ocrx_word' id='word_1_108' title='bbox 348 1477 389 1530; x_wconf 90' lang='lat' dir='ltr'>sit.</span> <span class='ocrx_word' id='word_1_109' title='bbox 424 1474 621 1525; x_wconf 87' lang='lat' dir='ltr'>Desiderabatur</span> <span class='ocrx_word' id='word_1_110' title='bbox 642 1476 667 1524; x_wconf 92' lang='lat' dir='ltr'>in</span> <span class='ocrx_word' id='word_1_111' title='bbox 691 1491 722 1525; x_wconf 89' lang='lat' dir='ltr'>eo</span> <span class='ocrx_word' id='word_1_112' title='bbox 739 1475 882 1526; x_wconf 84' lang='lat' dir='ltr'>Domitiani</span> <span class='ocrx_word' id='word_1_113' title='bbox 903 1477 1016 1527; x_wconf 83' lang='lat' dir='ltr'>maxima</span> 
     </span>
     <span class='ocr_line' id='line_1_17' title="bbox 107 1541 1016 1610; baseline 0.002 -17"><span class='ocrx_word' id='word_1_114' title='bbox 107 1561 167 1610; x_wconf 87' lang='lat' dir='ltr'>pars</span> <span class='ocrx_word' id='word_1_115' title='bbox 184 1559 200 1594; x_wconf 85' lang='lat' dir='ltr'>a</span> <span class='ocrx_word' id='word_1_116' title='bbox 218 1559 275 1609; x_wconf 85' lang='lat' dir='ltr'>cap.</span> <span class='ocrx_word' id='word_1_117' title='bbox 286 1547 310 1594; x_wconf 85' lang='grc'>2.</span> <span class='ocrx_word' id='word_1_118' title='bbox 327 1575 361 1585; x_wconf 89' lang='grc'>-</span> <span class='ocrx_word' id='word_1_119' title='bbox 378 1541 479 1591; x_wconf 90' lang='lat' dir='ltr'>Heurici</span> <span class='ocrx_word' id='word_1_120' title='bbox 495 1541 595 1608; x_wconf 82' lang='lat' dir='ltr'>Copesii</span> <span class='ocrx_word' id='word_1_121' title='bbox 611 1541 704 1592; x_wconf 88' lang='lat' dir='ltr'>librum</span> <span class='ocrx_word' id='word_1_122' title='bbox 721 1545 875 1594; x_wconf 80' lang='lat' dir='ltr'>nitidissime</span> <span class='ocrx_word' id='word_1_123' title='bbox 892 1545 1016 1610; x_wconf 85' lang='lat' dir='ltr'>scriptum</span> 
     </span>
     <span class='ocr_line' id='line_1_18' title="bbox 107 1609 1013 1672; baseline 0 -9"><span class='ocrx_word' id='word_1_124' title='bbox 107 1613 229 1663; x_wconf 84' lang='lat' dir='ltr'>Graevius</span> <span class='ocrx_word' id='word_1_125' title='bbox 252 1611 358 1660; x_wconf 91' lang='lat' dir='ltr'>contulit</span> <span class='ocrx_word' id='word_1_126' title='bbox 379 1610 517 1672; x_wconf 86' lang='lat' dir='ltr'>eademque</span> <span class='ocrx_word' id='word_1_127' title='bbox 538 1609 672 1660; x_wconf 89' lang='lat' dir='ltr'>collatione</span> <span class='ocrx_word' id='word_1_128' title='bbox 698 1627 760 1660; x_wconf 83' lang='lat' dir='ltr'>ustis</span> <span class='ocrx_word' id='word_1_129' title='bbox 784 1622 823 1662; x_wconf 90' lang='lat' dir='ltr'>est</span> <span class='ocrx_word' id='word_1_130' title='bbox 844 1611 1013 1664; x_wconf 79' lang='lat' dir='ltr'>Burmannus.</span> 
     </span>
     <span class='ocr_line' id='line_1_19' title="bbox 107 1675 1018 1748; baseline 0 -18"><span class='ocrx_word' id='word_1_131' title='bbox 107 1680 149 1730; x_wconf 88' lang='lat' dir='ltr'>Ad</span> <span class='ocrx_word' id='word_1_132' title='bbox 166 1679 295 1728; x_wconf 86' lang='lat' dir='ltr'>saeculum</span> <span class='ocrx_word' id='word_1_133' title='bbox 306 1675 367 1727; x_wconf 89' lang='lat' dir='ltr'>Xlll</span> <span class='ocrx_word' id='word_1_134' title='bbox 382 1679 530 1737; x_wconf 89' lang='lat' dir='ltr'>retulerunt,</span> <span class='ocrx_word' id='word_1_135' title='bbox 549 1679 595 1728; x_wconf 88' lang='lat' dir='ltr'>sed</span> <span class='ocrx_word' id='word_1_136' title='bbox 612 1679 646 1727; x_wconf 90' lang='lat' dir='ltr'>ad</span> <span class='ocrx_word' id='word_1_137' title='bbox 664 1679 714 1728; x_wconf 90' lang='lat' dir='ltr'>XV</span> <span class='ocrx_word' id='word_1_138' title='bbox 725 1678 764 1728; x_wconf 86' lang='lat' dir='ltr'>vel</span> <span class='ocrx_word' id='word_1_139' title='bbox 783 1694 860 1729; x_wconf 89' lang='lat' dir='ltr'>uuum</span> <span class='ocrx_word' id='word_1_140' title='bbox 878 1679 940 1730; x_wconf 92' lang='lat' dir='ltr'>illud</span> <span class='ocrx_word' id='word_1_141' title='bbox 958 1682 1018 1748; x_wconf 84' lang='lat' dir='ltr'>quoi</span> 
     </span>
     <span class='ocr_line' id='line_1_20' title="bbox 107 1745 1015 1812; baseline 0.001 -17"><span class='ocrx_word' id='word_1_142' title='bbox 107 1763 155 1812; x_wconf 89' lang='lat' dir='ltr'>pro</span> <span class='ocrx_word' id='word_1_143' title='bbox 174 1749 215 1795; x_wconf 84' lang='lat' dir='ltr'>oui</span> <span class='ocrx_word' id='word_1_144' title='bbox 231 1747 306 1794; x_wconf 86' lang='lat' dir='ltr'>scribi</span> <span class='ocrx_word' id='word_1_145' title='bbox 325 1745 427 1795; x_wconf 91' lang='lat' dir='ltr'>solitum</span> <span class='ocrx_word' id='word_1_146' title='bbox 450 1746 535 1796; x_wconf 89' lang='lat' dir='ltr'>trahit.</span> <span class='ocrx_word' id='word_1_147' title='bbox 554 1772 585 1782; x_wconf 98' lang='lat'><em>-</em></span> <span class='ocrx_word' id='word_1_148' title='bbox 605 1745 686 1795; x_wconf 88' lang='lat' dir='ltr'>Hulsii</span> <span class='ocrx_word' id='word_1_149' title='bbox 705 1747 818 1796; x_wconf 89' lang='lat' dir='ltr'>consulis</span> <span class='ocrx_word' id='word_1_150' title='bbox 837 1748 963 1812; x_wconf 86' lang='lat' dir='ltr'>Hageusis</span> <span class='ocrx_word' id='word_1_151' title='bbox 985 1749 1015 1796; x_wconf 91' lang='lat' dir='ltr'>li-</span> 
     </span>
     <span class='ocr_line' id='line_1_21' title="bbox 108 1812 1080 1875; baseline 0.001 -12"><span class='ocrx_word' id='word_1_152' title='bbox 108 1817 195 1872; x_wconf 87' lang='lat' dir='ltr'>brum,</span> <span class='ocrx_word' id='word_1_153' title='bbox 220 1814 263 1873; x_wconf 93' lang='lat' dir='ltr'>qui</span> <span class='ocrx_word' id='word_1_154' title='bbox 286 1814 345 1860; x_wconf 90' lang='lat' dir='ltr'>item</span> <span class='ocrx_word' id='word_1_155' title='bbox 362 1815 509 1863; x_wconf 76' lang='lat' dir='ltr'>recentioris</span> <span class='ocrx_word' id='word_1_156' title='bbox 526 1813 615 1862; x_wconf 88' lang='lat' dir='ltr'>aetatis</span> <span class='ocrx_word' id='word_1_157' title='bbox 638 1812 699 1875; x_wconf 86' lang='lat' dir='ltr'>luit,</span> <span class='ocrx_word' id='word_1_158' title='bbox 721 1813 883 1864; x_wconf 81' lang='lat' dir='ltr'>Burmannus</span> <span class='ocrx_word' id='word_1_159' title='bbox 901 1815 1016 1864; x_wconf 76' lang='lat' dir='ltr'>adhibuit</span> <span class='ocrx_word' id='word_1_160' title='bbox 1079 1812 1080 1817; x_wconf 69' lang='grc'>’</span> 
     </span>
     <span class='ocr_line' id='line_1_22' title="bbox 107 1878 1015 1933; baseline 0 -3"><span class='ocrx_word' id='word_1_161' title='bbox 107 1896 125 1930; x_wconf 82' lang='lat' dir='ltr'>a</span> <span class='ocrx_word' id='word_1_162' title='bbox 143 1879 279 1929; x_wconf 86' lang='lat' dir='ltr'>Stavereuo</span> <span class='ocrx_word' id='word_1_163' title='bbox 297 1878 424 1932; x_wconf 87' lang='lat' dir='ltr'>collatum.</span> <span class='ocrx_word' id='word_1_164' title='bbox 458 1880 580 1929; x_wconf 86' lang='lat' dir='ltr'>Hulsiana</span> <span class='ocrx_word' id='word_1_165' title='bbox 597 1879 748 1930; x_wconf 89' lang='lat' dir='ltr'>bibliotheca</span> <span class='ocrx_word' id='word_1_166' title='bbox 765 1897 822 1930; x_wconf 87' lang='lat' dir='ltr'>cnm</span> <span class='ocrx_word' id='word_1_167' title='bbox 840 1897 864 1931; x_wconf 88' lang='lat' dir='ltr'>a.</span> <span class='ocrx_word' id='word_1_168' title='bbox 883 1883 948 1933; x_wconf 86' lang='grc'>1730</span> <span class='ocrx_word' id='word_1_169' title='bbox 965 1883 1015 1930; x_wconf 84' lang='lat' dir='ltr'>Ha-</span> 
     </span>
     <span class='ocr_line' id='line_1_23' title="bbox 108 1944 1016 2014; baseline 0.004 -19"><span class='ocrx_word' id='word_1_170' title='bbox 108 1963 159 2013; x_wconf 84' lang='lat' dir='ltr'>gae</span> <span class='ocrx_word' id='word_1_171' title='bbox 177 1947 293 2005; x_wconf 87' lang='lat' dir='ltr'>venierit,</span> <span class='ocrx_word' id='word_1_172' title='bbox 318 1947 438 2012; x_wconf 83' lang='lat' dir='ltr'>Hagauus</span> <span class='ocrx_word' id='word_1_173' title='bbox 460 1944 503 1996; x_wconf 91' lang='lat' dir='ltr'>ille</span> <span class='ocrx_word' id='word_1_174' title='bbox 520 1949 614 2005; x_wconf 85' lang='lat' dir='ltr'>codex,</span> <span class='ocrx_word' id='word_1_175' title='bbox 637 1963 711 2010; x_wconf 92' lang='lat' dir='ltr'>quem</span> <span class='ocrx_word' id='word_1_176' title='bbox 733 1949 759 1996; x_wconf 90' lang='lat' dir='ltr'>in</span> <span class='ocrx_word' id='word_1_177' title='bbox 777 1950 895 1998; x_wconf 89' lang='lat' dir='ltr'>auctione</span> <span class='ocrx_word' id='word_1_178' title='bbox 911 1949 1016 2014; x_wconf 83' lang='lat' dir='ltr'>Lougo-</span> 
     </span>
     <span class='ocr_line' id='line_1_24' title="bbox 107 2013 1016 2079; baseline 0 -14"><span class='ocrx_word' id='word_1_179' title='bbox 107 2017 159 2065; x_wconf 90' lang='lat' dir='ltr'>lius</span> <span class='ocrx_word' id='word_1_180' title='bbox 178 2017 250 2071; x_wconf 84' lang='lat' dir='ltr'>emit,</span> <span class='ocrx_word' id='word_1_181' title='bbox 269 2025 358 2079; x_wconf 87' lang='lat' dir='ltr'>postea</span> <span class='ocrx_word' id='word_1_182' title='bbox 370 2013 514 2063; x_wconf 87' lang='lat' dir='ltr'>Harlessius</span> <span class='ocrx_word' id='word_1_183' title='bbox 531 2015 646 2078; x_wconf 88' lang='lat' dir='ltr'>possedit</span> <span class='ocrx_word' id='word_1_184' title='bbox 663 2027 687 2064; x_wconf 93' lang='lat' dir='ltr'>et</span> <span class='ocrx_word' id='word_1_185' title='bbox 699 2015 824 2075; x_wconf 79' lang='lat' dir='ltr'>wollino,</span> <span class='ocrx_word' id='word_1_186' title='bbox 842 2031 910 2065; x_wconf 90' lang='lat' dir='ltr'>nuuc</span> <span class='ocrx_word' id='word_1_187' title='bbox 922 2018 1016 2066; x_wconf 88' lang='lat' dir='ltr'>Beroli-</span> 
     </span>
     <span class='ocr_line' id='line_1_25' title="bbox 108 2081 1016 2146; baseline -0.002 -13"><span class='ocrx_word' id='word_1_188' title='bbox 108 2084 198 2132; x_wconf 86' lang='lat' dir='ltr'>nensis</span> <span class='ocrx_word' id='word_1_189' title='bbox 210 2081 361 2132; x_wconf 88' lang='lat' dir='ltr'>bibliotheca</span> <span class='ocrx_word' id='word_1_190' title='bbox 373 2081 458 2146; x_wconf 85' lang='lat' dir='ltr'>habet,</span> <span class='ocrx_word' id='word_1_191' title='bbox 475 2082 650 2130; x_wconf 84' lang='lat' dir='ltr'>membraneus</span> <span class='ocrx_word' id='word_1_192' title='bbox 662 2081 780 2130; x_wconf 86' lang='lat' dir='ltr'>loliorum</span> <span class='ocrx_word' id='word_1_193' title='bbox 792 2085 826 2132; x_wconf 84' lang='grc'>46</span> <span class='ocrx_word' id='word_1_194' title='bbox 837 2084 1016 2144; x_wconf 86' lang='lat' dir='ltr'>maximorum,</span> 
     </span>
     <span class='ocr_line' id='line_1_26' title="bbox 109 2147 1017 2214; baseline -0.003 -13"><span class='ocrx_word' id='word_1_195' title='bbox 109 2152 177 2201; x_wconf 90' lang='lat' dir='ltr'>idem</span> <span class='ocrx_word' id='word_1_196' title='bbox 195 2165 252 2200; x_wconf 92' lang='lat' dir='ltr'>esse</span> <span class='ocrx_word' id='word_1_197' title='bbox 269 2150 350 2199; x_wconf 89' lang='lat' dir='ltr'>videri</span> <span class='ocrx_word' id='word_1_198' title='bbox 367 2158 454 2214; x_wconf 87' lang='lat' dir='ltr'>potest</span> <span class='ocrx_word' id='word_1_199' title='bbox 470 2160 546 2210; x_wconf 84' lang='lat' dir='ltr'>atque</span> <span class='ocrx_word' id='word_1_200' title='bbox 564 2147 709 2199; x_wconf 84' lang='lat' dir='ltr'>Hnlsieuus.</span> <span class='ocrx_word' id='word_1_201' title='bbox 738 2148 828 2198; x_wconf 89' lang='lat' dir='ltr'>Mirum</span> <span class='ocrx_word' id='word_1_202' title='bbox 845 2159 929 2198; x_wconf 86' lang='lat' dir='ltr'>tamen</span> <span class='ocrx_word' id='word_1_203' title='bbox 948 2154 1017 2213; x_wconf 90' lang='lat' dir='ltr'>quod</span> 
     </span>
     <span class='ocr_line' id='line_1_27' title="bbox 109 2215 1018 2282; baseline 0 -15"><span class='ocrx_word' id='word_1_204' title='bbox 109 2217 221 2268; x_wconf 87' lang='lat' dir='ltr'>Wolflus</span> <span class='ocrx_word' id='word_1_205' title='bbox 234 2218 304 2281; x_wconf 89' lang='lat' dir='ltr'>dicit,</span> <span class='ocrx_word' id='word_1_206' title='bbox 322 2217 405 2282; x_wconf 86' lang='lat' dir='ltr'>prima</span> <span class='ocrx_word' id='word_1_207' title='bbox 416 2217 493 2265; x_wconf 85' lang='lat' dir='ltr'>verba</span> <span class='ocrx_word' id='word_1_208' title='bbox 510 2230 567 2264; x_wconf 91' lang='lat' dir='ltr'>esse</span> <span class='ocrx_word' id='word_1_209' title='bbox 580 2215 679 2264; x_wconf 82' lang='lat' dir='ltr'>Annum</span> <span class='ocrx_word' id='word_1_210' title='bbox 690 2231 768 2280; x_wconf 74' lang='lat' dir='ltr'>opens</span> <span class='ocrx_word' id='word_1_211' title='bbox 783 2223 881 2266; x_wconf 78' lang='lat' dir='ltr'>temtum</span> <span class='ocrx_word' id='word_1_212' title='bbox 899 2219 1018 2267; x_wconf 82' lang='lat' dir='ltr'>decimum</span> 
     </span>
     <span class='ocr_line' id='line_1_28' title="bbox 110 2282 1017 2351; baseline -0.002 -16"><span class='ocrx_word' id='word_1_213' title='bbox 110 2295 137 2335; x_wconf 88' lang='lat' dir='ltr'>et</span> <span class='ocrx_word' id='word_1_214' title='bbox 153 2302 199 2351; x_wconf 88' lang='lat' dir='ltr'>per</span> <span class='ocrx_word' id='word_1_215' title='bbox 217 2287 302 2334; x_wconf 85' lang='lat' dir='ltr'>omnia</span> <span class='ocrx_word' id='word_1_216' title='bbox 319 2285 431 2334; x_wconf 85' lang='lat' dir='ltr'>codicem</span> <span class='ocrx_word' id='word_1_217' title='bbox 454 2283 606 2332; x_wconf 87' lang='lat' dir='ltr'>Memmiauo</span> <span class='ocrx_word' id='word_1_218' title='bbox 627 2282 784 2331; x_wconf 89' lang='lat' dir='ltr'>simillimum</span> <span class='ocrx_word' id='word_1_219' title='bbox 802 2299 859 2333; x_wconf 88' lang='lat' dir='ltr'>esse</span> <span class='ocrx_word' id='word_1_220' title='bbox 879 2284 1017 2350; x_wconf 85' lang='lat' dir='ltr'>(intellige-</span> 
     </span>
     <span class='ocr_line' id='line_1_29' title="bbox 110 2351 1018 2417; baseline 0 -15"><span class='ocrx_word' id='word_1_221' title='bbox 110 2355 154 2402; x_wconf 85' lang='lat' dir='ltr'>bat</span> <span class='ocrx_word' id='word_1_222' title='bbox 174 2353 250 2402; x_wconf 87' lang='lat' dir='ltr'>credo</span> <span class='ocrx_word' id='word_1_223' title='bbox 269 2351 399 2417; x_wconf 91' lang='lat' dir='ltr'>Obsopoei</span> <span class='ocrx_word' id='word_1_224' title='bbox 420 2351 592 2408; x_wconf 85' lang='lat' dir='ltr'>collationem,</span> <span class='ocrx_word' id='word_1_225' title='bbox 616 2365 666 2412; x_wconf 86' lang='lat' dir='ltr'>qua</span> <span class='ocrx_word' id='word_1_226' title='bbox 688 2359 713 2399; x_wconf 88' lang='lat' dir='ltr'>et</span> <span class='ocrx_word' id='word_1_227' title='bbox 734 2352 791 2415; x_wconf 87' lang='lat' dir='ltr'>ipsa</span> <span class='ocrx_word' id='word_1_228' title='bbox 813 2351 939 2415; x_wconf 85' lang='lat' dir='ltr'>utebatur)</span> <span class='ocrx_word' id='word_1_229' title='bbox 960 2367 1018 2402; x_wconf 90' lang='lat' dir='ltr'>cum</span> 
     </span>
     <span class='ocr_line' id='line_1_30' title="bbox 111 2417 1017 2484; baseline 0 -14"><span class='ocrx_word' id='word_1_230' title='bbox 111 2420 249 2470; x_wconf 87' lang='lat' dir='ltr'>Hulsianus</span> <span class='ocrx_word' id='word_1_231' title='bbox 268 2421 367 2470; x_wconf 76' lang='lat' dir='ltr'>Annum</span> <span class='ocrx_word' id='word_1_232' title='bbox 384 2433 463 2484; x_wconf 80' lang='lat' dir='ltr'>opens</span> <span class='ocrx_word' id='word_1_233' title='bbox 480 2419 578 2468; x_wconf 81' lang='lat' dir='ltr'>Caesar</span> <span class='ocrx_word' id='word_1_234' title='bbox 594 2433 615 2467; x_wconf 86' lang='lat' dir='ltr'>s.</span> <span class='ocrx_word' id='word_1_235' title='bbox 635 2419 660 2467; x_wconf 83' lang='lat' dir='ltr'>d.</span> <span class='ocrx_word' id='word_1_236' title='bbox 684 2417 807 2468; x_wconf 85' lang='lat' dir='ltr'>habuerit.</span> <span class='ocrx_word' id='word_1_237' title='bbox 824 2443 858 2454; x_wconf 91' lang='lat'><em>—</em></span> <span class='ocrx_word' id='word_1_238' title='bbox 875 2420 1017 2470; x_wconf 86' lang='lat' dir='ltr'>Beruenses</span> 
     </span>
     <span class='ocr_line' id='line_1_31' title="bbox 112 2483 1018 2553; baseline 0.001 -16"><span class='ocrx_word' id='word_1_239' title='bbox 112 2486 272 2553; x_wconf 87' lang='lat' dir='ltr'>(Bremenses</span> <span class='ocrx_word' id='word_1_240' title='bbox 296 2487 358 2536; x_wconf 90' lang='lat' dir='ltr'>nulli</span> <span class='ocrx_word' id='word_1_241' title='bbox 374 2486 446 2548; x_wconf 86' lang='lat' dir='ltr'>sunt)</span> <span class='ocrx_word' id='word_1_242' title='bbox 468 2486 518 2535; x_wconf 95' lang='lat' dir='ltr'>duo</span> <span class='ocrx_word' id='word_1_243' title='bbox 536 2485 630 2534; x_wconf 87' lang='lat' dir='ltr'>saeculi</span> <span class='ocrx_word' id='word_1_244' title='bbox 648 2483 718 2545; x_wconf 88' lang='lat' dir='ltr'>XIV,</span> <span class='ocrx_word' id='word_1_245' title='bbox 742 2485 804 2536; x_wconf 83' lang='lat' dir='ltr'>alter</span> <span class='ocrx_word' id='word_1_246' title='bbox 826 2486 886 2536; x_wconf 90' lang='lat' dir='ltr'>olim</span> <span class='ocrx_word' id='word_1_247' title='bbox 903 2487 1018 2538; x_wconf 84' lang='lat' dir='ltr'>Danielis</span> 
     </span>
     <span class='ocr_line' id='line_1_32' title="bbox 112 2552 1019 2620; baseline -0.001 -15"><span class='ocrx_word' id='word_1_248' title='bbox 112 2567 137 2605; x_wconf 92' lang='lat' dir='ltr'>et</span> <span class='ocrx_word' id='word_1_249' title='bbox 158 2555 307 2620; x_wconf 81' lang='lat' dir='ltr'>Bongarsii,</span> <span class='ocrx_word' id='word_1_250' title='bbox 328 2569 396 2604; x_wconf 90' lang='lat' dir='ltr'>nuuc</span> <span class='ocrx_word' id='word_1_251' title='bbox 418 2567 522 2603; x_wconf 87' lang='lat' dir='ltr'>numero</span> <span class='ocrx_word' id='word_1_252' title='bbox 543 2554 591 2603; x_wconf 87' lang='grc'>104</span> <span class='ocrx_word' id='word_1_253' title='bbox 613 2552 762 2615; x_wconf 85' lang='lat' dir='ltr'>distinctus,</span> <span class='ocrx_word' id='word_1_254' title='bbox 784 2553 847 2604; x_wconf 90' lang='lat' dir='ltr'>alter</span> <span class='ocrx_word' id='word_1_255' title='bbox 867 2569 909 2605; x_wconf 90' lang='lat' dir='ltr'>uo.</span> <span class='ocrx_word' id='word_1_256' title='bbox 926 2557 976 2607; x_wconf 87' lang='grc'>206</span> <span class='ocrx_word' id='word_1_257' title='bbox 995 2567 1019 2605; x_wconf 90' lang='lat' dir='ltr'>et</span> 
     </span>
     <span class='ocr_line' id='line_1_33' title="bbox 113 2619 1018 2688; baseline -0.002 -14"><span class='ocrx_word' id='word_1_258' title='bbox 113 2623 220 2688; x_wconf 82' lang='lat' dir='ltr'>originis</span> <span class='ocrx_word' id='word_1_259' title='bbox 238 2624 361 2686; x_wconf 86' lang='lat' dir='ltr'>incertae,</span> <span class='ocrx_word' id='word_1_260' title='bbox 386 2621 519 2670; x_wconf 85' lang='lat' dir='ltr'>aBremio</span> <span class='ocrx_word' id='word_1_261' title='bbox 538 2630 562 2669; x_wconf 90' lang='lat' dir='ltr'>et</span> <span class='ocrx_word' id='word_1_262' title='bbox 580 2619 710 2670; x_wconf 91' lang='lat' dir='ltr'>Ochsnero</span> <span class='ocrx_word' id='word_1_263' title='bbox 728 2621 817 2670; x_wconf 86' lang='lat' dir='ltr'>Wolfii</span> <span class='ocrx_word' id='word_1_264' title='bbox 835 2623 918 2686; x_wconf 81' lang='lat' dir='ltr'>gratia</span> <span class='ocrx_word' id='word_1_265' title='bbox 933 2622 1018 2672; x_wconf 86' lang='lat' dir='ltr'>collati</span> 
     </span>
     <span class='ocr_line' id='line_1_34' title="bbox 112 2688 1018 2755; baseline -0.001 -15"><span class='ocrx_word' id='word_1_266' title='bbox 112 2700 187 2754; x_wconf 86' lang='lat' dir='ltr'>sunt,</span> <span class='ocrx_word' id='word_1_267' title='bbox 211 2700 276 2739; x_wconf 89' lang='lat' dir='ltr'>certe</span> <span class='ocrx_word' id='word_1_268' title='bbox 294 2705 340 2755; x_wconf 88' lang='lat' dir='ltr'>per</span> <span class='ocrx_word' id='word_1_269' title='bbox 357 2688 414 2737; x_wconf 87' lang='lat' dir='ltr'>Divi</span> <span class='ocrx_word' id='word_1_270' title='bbox 431 2689 488 2738; x_wconf 92' lang='lat' dir='ltr'>lulii</span> <span class='ocrx_word' id='word_1_271' title='bbox 504 2689 591 2738; x_wconf 88' lang='lat' dir='ltr'>vitam.</span> <span class='ocrx_word' id='word_1_272' title='bbox 627 2688 683 2754; x_wconf 83' lang='lat' dir='ltr'>Ego</span> <span class='ocrx_word' id='word_1_273' title='bbox 701 2703 759 2737; x_wconf 91' lang='lat' dir='ltr'>cum</span> <span class='ocrx_word' id='word_1_274' title='bbox 783 2688 922 2754; x_wconf 83' lang='lat' dir='ltr'>Steigeri</span> <span class='ocrx_word' id='word_1_275' title='bbox 938 2689 971 2740; x_wconf 90' lang='lat' dir='ltr'>V.</span> <span class='ocrx_word' id='word_1_276' title='bbox 990 2689 1018 2739; x_wconf 84' lang='grc'>0.</span> 
     </span>
     <span class='ocr_line' id='line_1_35' title="bbox 114 2755 1018 2822; baseline -0.001 -15"><span class='ocrx_word' id='word_1_277' title='bbox 114 2757 281 2820; x_wconf 88' lang='lat' dir='ltr'>benivolentia</span> <span class='ocrx_word' id='word_1_278' title='bbox 303 2767 438 2820; x_wconf 86' lang='lat' dir='ltr'>utrumque</span> <span class='ocrx_word' id='word_1_279' title='bbox 459 2756 528 2805; x_wconf 93' lang='lat' dir='ltr'>domi</span> <span class='ocrx_word' id='word_1_280' title='bbox 549 2755 680 2815; x_wconf 85' lang='lat' dir='ltr'>haberem,</span> <span class='ocrx_word' id='word_1_281' title='bbox 706 2757 791 2820; x_wconf 91' lang='lat' dir='ltr'>priore</span> <span class='ocrx_word' id='word_1_282' title='bbox 812 2766 918 2822; x_wconf 85' lang='lat' dir='ltr'>propter</span> <span class='ocrx_word' id='word_1_283' title='bbox 937 2759 1018 2806; x_wconf 86' lang='lat' dir='ltr'>incre·</span> 
     </span>
     <span class='ocr_line' id='line_1_36' title="bbox 112 2823 1019 2889; baseline -0.004 -13"><span class='ocrx_word' id='word_1_284' title='bbox 112 2826 216 2876; x_wconf 86' lang='lat' dir='ltr'>dibilem</span> <span class='ocrx_word' id='word_1_285' title='bbox 241 2825 379 2874; x_wconf 84' lang='lat' dir='ltr'>litterarum</span> <span class='ocrx_word' id='word_1_286' title='bbox 406 2823 541 2872; x_wconf 83' lang='lat' dir='ltr'>exilitatem</span> <span class='ocrx_word' id='word_1_287' title='bbox 567 2837 675 2888; x_wconf 89' lang='lat' dir='ltr'>prorsus</span> <span class='ocrx_word' id='word_1_288' title='bbox 701 2823 824 2882; x_wconf 86' lang='lat' dir='ltr'>abstinui,</span> <span class='ocrx_word' id='word_1_289' title='bbox 852 2825 1019 2889; x_wconf 86' lang='lat' dir='ltr'>posteriorem</span> 
     </span>
     <span class='ocr_line' id='line_1_37' title="bbox 111 2890 1020 2957; baseline -0.003 -14"><span class='ocrx_word' id='word_1_290' title='bbox 111 2895 155 2943; x_wconf 89' lang='lat' dir='ltr'>hio</span> <span class='ocrx_word' id='word_1_291' title='bbox 173 2893 223 2942; x_wconf 89' lang='lat' dir='ltr'>illic</span> <span class='ocrx_word' id='word_1_292' title='bbox 240 2893 351 2957; x_wconf 79' lang='lat' dir='ltr'>inspexi.</span> <span class='ocrx_word' id='word_1_293' title='bbox 379 2892 404 2940; x_wconf 87' lang='lat' dir='ltr'>ls</span> <span class='ocrx_word' id='word_1_294' title='bbox 418 2891 512 2940; x_wconf 87' lang='lat' dir='ltr'>Graeca</span> <span class='ocrx_word' id='word_1_295' title='bbox 528 2890 622 2952; x_wconf 90' lang='lat' dir='ltr'>ubique</span> <span class='ocrx_word' id='word_1_296' title='bbox 639 2891 815 2955; x_wconf 87' lang='lat' dir='ltr'>praetermittit</span> <span class='ocrx_word' id='word_1_297' title='bbox 832 2891 857 2939; x_wconf 92' lang='lat' dir='ltr'>in</span> <span class='ocrx_word' id='word_1_298' title='bbox 874 2891 974 2945; x_wconf 89' lang='lat' dir='ltr'>lacuna.</span> <span class='ocrx_word' id='word_1_299' title='bbox 986 2917 1020 2926; x_wconf 90' lang='lat'><em>-</em></span> 
     </span>
     <span class='ocr_line' id='line_1_38' title="bbox 113 2956 1019 3022; baseline -0.006 -10"><span class='ocrx_word' id='word_1_300' title='bbox 113 2960 285 3012; x_wconf 77' lang='lat' dir='ltr'>Palatinarum</span> <span class='ocrx_word' id='word_1_301' title='bbox 297 2960 373 3009; x_wconf 91' lang='lat' dir='ltr'>trium</span> <span class='ocrx_word' id='word_1_302' title='bbox 385 2959 512 3015; x_wconf 90' lang='lat' dir='ltr'>codicum,</span> <span class='ocrx_word' id='word_1_303' title='bbox 531 2959 575 3018; x_wconf 91' lang='lat' dir='ltr'>qui</span> <span class='ocrx_word' id='word_1_304' title='bbox 592 2957 634 3006; x_wconf 93' lang='lat' dir='ltr'>illo</span> <span class='ocrx_word' id='word_1_305' title='bbox 647 2967 761 3022; x_wconf 88' lang='lat' dir='ltr'>tempore</span> <span class='ocrx_word' id='word_1_306' title='bbox 771 2956 952 3022; x_wconf 85' lang='lat' dir='ltr'>Heidelbcrgae</span> <span class='ocrx_word' id='word_1_307' title='bbox 962 2957 1019 3007; x_wconf 88' lang='lat' dir='ltr'>Ine·</span> 
     </span>
     <span class='ocr_line' id='line_1_39' title="bbox 114 3024 1019 3088; baseline -0.004 -10"><span class='ocrx_word' id='word_1_308' title='bbox 114 3039 182 3088; x_wconf 88' lang='lat' dir='ltr'>runt,</span> <span class='ocrx_word' id='word_1_309' title='bbox 195 3043 262 3077; x_wconf 91' lang='lat' dir='ltr'>nuuc</span> <span class='ocrx_word' id='word_1_310' title='bbox 271 3027 367 3076; x_wconf 86' lang='lat' dir='ltr'>Romae</span> <span class='ocrx_word' id='word_1_311' title='bbox 376 3027 552 3075; x_wconf 86' lang='lat' dir='ltr'>custodiuntur</span> <span class='ocrx_word' id='word_1_312' title='bbox 562 3025 674 3073; x_wconf 89' lang='lat' dir='ltr'>numeris</span> <span class='ocrx_word' id='word_1_313' title='bbox 683 3024 820 3078; x_wconf 72' lang='lat' dir='ltr'>Parauaea</span> <span class='ocrx_word' id='word_1_314' title='bbox 833 3041 890 3088; x_wconf 92' lang='lat' dir='ltr'>sqq.</span> <span class='ocrx_word' id='word_1_315' title='bbox 899 3025 1019 3087; x_wconf 84' lang='lat' dir='ltr'>distincti,</span> 
     </span>
    </p>
   </div>
   <div class='ocr_carea' id='block_1_5' title="bbox 114 3091 1114 3161">
    <p class='ocr_par' dir='ltr' id='par_1_5' title="bbox 114 3091 1114 3161">
     <span class='ocr_line' id='line_1_40' title="bbox 114 3091 1114 3161; baseline -0.003 -16"><span class='ocrx_word' id='word_1_316' title='bbox 114 3107 234 3161; x_wconf 80' lang='lat' dir='ltr'>excerpta</span> <span class='ocrx_word' id='word_1_317' title='bbox 257 3094 383 3156; x_wconf 88' lang='lat' dir='ltr'>quaedam</span> <span class='ocrx_word' id='word_1_318' title='bbox 405 3093 484 3142; x_wconf 86' lang='lat' dir='ltr'>edidit</span> <span class='ocrx_word' id='word_1_319' title='bbox 499 3095 575 3142; x_wconf 84' lang='lat' dir='ltr'>lanus</span> <span class='ocrx_word' id='word_1_320' title='bbox 596 3091 717 3141; x_wconf 88' lang='lat' dir='ltr'>Gruterus</span> <span class='ocrx_word' id='word_1_321' title='bbox 734 3106 757 3142; x_wconf 92' lang='lat' dir='ltr'>a.</span> <span class='ocrx_word' id='word_1_322' title='bbox 778 3094 855 3151; x_wconf 88' lang='grc'>1611,</span> <span class='ocrx_word' id='word_1_323' title='bbox 878 3106 959 3157; x_wconf 91' lang='lat' dir='ltr'>paene</span> <span class='ocrx_word' id='word_1_324' title='bbox 980 3094 1020 3144; x_wconf 88' lang='lat' dir='ltr'>iu·.</span> <span class='ocrx_word' id='word_1_325' title='bbox 1104 3103 1114 3120; x_wconf 79' lang='lat'>&#39;</span> 
     </span>
    </p>
   </div>
   <div class='ocr_carea' id='block_1_6' title="bbox 113 3159 1023 3497">
    <p class='ocr_par' dir='ltr' id='par_1_6' title="bbox 113 3159 1023 3497">
     <span class='ocr_line' id='line_1_41' title="bbox 113 3159 1020 3224; baseline -0.002 -12"><span class='ocrx_word' id='word_1_326' title='bbox 113 3163 199 3221; x_wconf 85' lang='lat' dir='ltr'>utilia,</span> <span class='ocrx_word' id='word_1_327' title='bbox 218 3177 274 3211; x_wconf 90' lang='lat' dir='ltr'>oum</span> <span class='ocrx_word' id='word_1_328' title='bbox 287 3176 338 3211; x_wconf 90' lang='lat' dir='ltr'>non</span> <span class='ocrx_word' id='word_1_329' title='bbox 351 3161 476 3223; x_wconf 87' lang='lat' dir='ltr'>aequabili</span> <span class='ocrx_word' id='word_1_330' title='bbox 493 3160 626 3223; x_wconf 84' lang='lat' dir='ltr'>diligentia</span> <span class='ocrx_word' id='word_1_331' title='bbox 637 3161 836 3224; x_wconf 79' lang='lat' dir='ltr'>percucurrerit,</span> <span class='ocrx_word' id='word_1_332' title='bbox 855 3160 901 3209; x_wconf 90' lang='lat' dir='ltr'>sed</span> <span class='ocrx_word' id='word_1_333' title='bbox 918 3160 944 3209; x_wconf 91' lang='lat' dir='ltr'>in</span> <span class='ocrx_word' id='word_1_334' title='bbox 955 3159 1020 3210; x_wconf 87' lang='lat' dir='ltr'>locis</span> 
     </span>
     <span class='ocr_line' id='line_1_42' title="bbox 114 3225 1022 3294; baseline -0.001 -15"><span class='ocrx_word' id='word_1_335' title='bbox 114 3231 287 3281; x_wconf 85' lang='lat' dir='ltr'>controversis</span> <span class='ocrx_word' id='word_1_336' title='bbox 304 3239 329 3278; x_wconf 88' lang='lat' dir='ltr'>et</span> <span class='ocrx_word' id='word_1_337' title='bbox 346 3229 472 3294; x_wconf 87' lang='lat' dir='ltr'>suspectis</span> <span class='ocrx_word' id='word_1_338' title='bbox 490 3226 566 3277; x_wconf 91' lang='lat' dir='ltr'>modo</span> <span class='ocrx_word' id='word_1_339' title='bbox 584 3227 737 3291; x_wconf 73' lang='lat' dir='ltr'>inspexeritt</span> <span class='ocrx_word' id='word_1_340' title='bbox 761 3225 863 3276; x_wconf 89' lang='lat' dir='ltr'>luerunt</span> <span class='ocrx_word' id='word_1_341' title='bbox 880 3228 930 3277; x_wconf 89' lang='lat' dir='ltr'>uisi</span> <span class='ocrx_word' id='word_1_342' title='bbox 947 3227 1022 3278; x_wconf 83' lang='lat' dir='ltr'>lellor</span> 
     </span>
     <span class='ocr_line' id='line_1_43' title="bbox 114 3293 1020 3358; baseline -0.004 -8"><span class='ocrx_word' id='word_1_343' title='bbox 114 3297 263 3350; x_wconf 83' lang='lat' dir='ltr'>saec.le</span> <span class='ocrx_word' id='word_1_344' title='bbox 281 3305 306 3346; x_wconf 91' lang='lat' dir='ltr'>et</span> <span class='ocrx_word' id='word_1_345' title='bbox 322 3295 381 3346; x_wconf 86' lang='lat' dir='ltr'>XV.</span> <span class='ocrx_word' id='word_1_346' title='bbox 397 3320 433 3332; x_wconf 89' lang='lat'>-</span> <span class='ocrx_word' id='word_1_347' title='bbox 447 3293 615 3345; x_wconf 83' lang='lat' dir='ltr'>viterbiensis</span> <span class='ocrx_word' id='word_1_348' title='bbox 633 3294 700 3351; x_wconf 90' lang='lat' dir='ltr'>libri,</span> <span class='ocrx_word' id='word_1_349' title='bbox 719 3309 793 3355; x_wconf 91' lang='lat' dir='ltr'>quem</span> <span class='ocrx_word' id='word_1_350' title='bbox 811 3294 889 3344; x_wconf 90' lang='lat' dir='ltr'>ltalus</span> <span class='ocrx_word' id='word_1_351' title='bbox 907 3297 1020 3358; x_wconf 86' lang='lat' dir='ltr'>quidam,</span> 
     </span>
     <span class='ocr_line' id='line_1_44' title="bbox 114 3361 1020 3427; baseline -0.002 -10"><span class='ocrx_word' id='word_1_352' title='bbox 114 3368 189 3416; x_wconf 88' lang='lat' dir='ltr'>ouius</span> <span class='ocrx_word' id='word_1_353' title='bbox 203 3379 294 3414; x_wconf 89' lang='lat' dir='ltr'>nomen</span> <span class='ocrx_word' id='word_1_354' title='bbox 307 3362 402 3413; x_wconf 88' lang='lat' dir='ltr'>elutum</span> <span class='ocrx_word' id='word_1_355' title='bbox 414 3376 464 3419; x_wconf 82' lang='lat' dir='ltr'>est.</span> <span class='ocrx_word' id='word_1_356' title='bbox 478 3364 597 3413; x_wconf 84' lang='lat' dir='ltr'>Perusini</span> <span class='ocrx_word' id='word_1_357' title='bbox 607 3365 677 3412; x_wconf 82' lang='lat' dir='ltr'>aeris</span> <span class='ocrx_word' id='word_1_358' title='bbox 686 3361 787 3424; x_wconf 68' lang='lat' dir='ltr'>sepiens</span> <span class='ocrx_word' id='word_1_359' title='bbox 798 3362 984 3427; x_wconf 78' lang='lat' dir='ltr'>intemperiem.</span> <span class='ocrx_word' id='word_1_360' title='bbox 996 3400 1020 3418; x_wconf 92' lang='lat'>..</span> 
     </span>
     <span class='ocr_line' id='line_1_45' title="bbox 119 3431 1023 3497; baseline -0.004 -13"><span class='ocrx_word' id='word_1_361' title='bbox 119 3433 230 3484; x_wconf 83' lang='lat' dir='ltr'>Viterdii</span> <span class='ocrx_word' id='word_1_362' title='bbox 250 3435 276 3483; x_wconf 82' lang='lat' dir='ltr'>in</span> <span class='ocrx_word' id='word_1_363' title='bbox 296 3433 413 3497; x_wconf 78' lang='lat' dir='ltr'>propriis</span> <span class='ocrx_word' id='word_1_364' title='bbox 434 3431 538 3482; x_wconf 79' lang='lat' dir='ltr'>aedibus</span> <span class='ocrx_word' id='word_1_365' title='bbox 560 3445 649 3479; x_wconf 76' lang='lat' dir='ltr'>uanum</span> <span class='ocrx_word' id='word_1_366' title='bbox 670 3444 749 3495; x_wconf 80' lang='lat' dir='ltr'>opens</span> <span class='ocrx_word' id='word_1_367' title='bbox 773 3432 867 3481; x_wconf 78' lang='lat' dir='ltr'>uelutis</span> <span class='ocrx_word' id='word_1_368' title='bbox 887 3431 1023 3482; x_wconf 84' lang='lat' dir='ltr'><em>XXVIII</em></span> 
     </span>
    </p>
   </div>
   <div class='ocr_carea' id='block_1_7' title="bbox 0 0 1234 3908">
    <p class='ocr_par' dir='ltr' id='par_1_7' title="bbox 0 0 1234 3908">
     <span class='ocr_line' id='line_1_46' title="bbox 0 0 1234 3908; baseline 0 0"><span class='ocrx_word' id='word_1_369' title='bbox 0 0 1234 3908; x_wconf 95' lang='lat' dir='ltr'> </span> 
     </span>
    </p>
   </div>
  </div>
 </body>
</html>
