2450 3910
121 229 182 293 208
206 242 236 290 (l.
250 240 399 290 SUETONI
412 239 541 299 anano.
558 239 605 286 DE
618 239 701 287 VITA
715 239 899 289 GAESARUM
911 241 979 288 LIB.
992 242 1052 288 Vll.

42 426 85 494 ῃ
123 400 271 461 oraclorc?
291 395 489 476 responderit;
511 405 596 475 atque
613 397 642 455 in
660 396 753 456 lorum
770 399 873 477 usque'
884 399 1042 477 prooessit.
1072 397 1120 458 lbl

50 507 84 554 a»
123 485 244 562 equites,
261 481 363 561 quibus
378 480 509 541 mandata
521 480 706 559 caedeserat,
716 499 779 540 cum
791 481 998 560 perpnblicum
1010 480 1119 544 dimota

53 578 96 649 p?
123 583 300 646 paganorum
314 563 395 625 turba
411 582 502 644 equos
515 565 694 642 adegissent,
705 566 770 624 viso
784 566 886 644 procul
899 584 947 644 co,
962 583 1119 646 parumper

51 674 59 708 ι
79 642 87 702 1'
123 652 301 719 restiterunt;
322 649 387 709 dein
404 657 515 709 rursum'
531 650 639 709 incitati
659 647 804 709 desertum
823 651 916 710 asnis
935 649 1116 711 contrucida-

42 761 59 802 ῳ
123 743 197 797 runt.
1133 748 1147 789 ι

81 825 115 880 20
187 818 258 878 Sunt
269 819 317 897 qui
332 817 454 895 tradant,
470 816 505 878 ad
520 819 641 897 primum
654 818 799 878 tumultum
822 817 1018 897 proclamasse
1036 835 1118 880 eum:

34 925 64 966 t.·
125 901 207 978 erid
228 903 321 984 apilio
342 901 583 964 commilitones?
603 920 658 981 eqo
679 909 782 962 cester
801 919 885 978 som,
916 907 945 961 ct
962 919 1020 962 voa
1041 901 1121 962 mei!

66 1024 71 1052 a
124 987 287 1049 donatiuum
299 988 383 1047 etiam
395 987 566 1065 pollicitum.
601 985 703 1046 Plures
715 995 808 1046 autem
821 986 1017 1064 prodiderunt,
1035 995 1120 1065 optu-

52 1103 59 1138 ν,
75 1103 92 1142 5
123 1074 195 1134 lisso
206 1071 281 1132 ultro
293 1071 420 1148 iugulum
432 1080 460 1130 et
471 1077 505 1130 ot
514 1069 573 1130 boc
584 1077 719 1150 opereat,
734 1087 773 1130 ac
781 1068 922 1148 ferirent,
936 1069 1061 1150 quando
1072 1069 1120 1130 t'ta

39 1167 100 1224 ‘aa‘
123 1155 296 1233 videretur,
317 1155 468 1216 hortatum.
500 1151 574 1214 Illud
598 1156 697 1214 mirum
719 1154 870 1214 admodum
891 1155 992 1232 luerit,
1022 1171 1119 1232 neque
1132 1171 1158 1209 ro

54 1273 60 1284 1·
81 1255 98 1308 ζ’·
126 1241 320 1322 praesentium
342 1257 513 1319 quemquam
540 1255 626 1317 opem
643 1239 808 1317 imperatori
833 1238 911 1299 ferre
935 1248 1066 1298 conatum
1087 1248 1119 1297 et

86 1333 97 1375 f
125 1343 225 1388 omnes
238 1325 288 1403 qni
300 1324 510 1384 arcessirentur
524 1323 674 1402 sprevisse
686 1323 821 1401 nuntium,
837 1332 962 1402 excepta
972 1322 1118 1385 Germani·

57 1423 99 1480 3.»
126 1412 272 1470 cianorum
283 1408 483 1468 vexillatione.
512 1406 535 1468 li
547 1406 584 1467 ob
599 1389 847 1508 recenslmeritum
866 1407 944 1486 quod
957 1426 991 1468 se
1007 1423 1119 1484 aegros

90 1532 99 1571 s
126 1504 155 1554 et
173 1491 316 1553 invalidos
333 1509 513 1570 magnopere
533 1490 673 1569 fovisset,
704 1511 731 1551 m
750 1491 883 1552 auxilium
900 1491 1119 1570 advolaverunt,

36 1615 38 1620 ·
61 1608 82 1656 2
127 1576 178 1638 sed
190 1576 292 1652 serius,
306 1576 408 1634 itinere
421 1575 507 1634 devio
519 1593 573 1653 per
579 1575 769 1652 ignorantiam
782 1576 913 1636 locorum
924 1574 1068 1636 retardati.
1131 1593 1157 1635 rs

35 1714 39 1722 .
58 1674 75 1738 q
88 1705 90 1720 ,
189 1659 337 1737 lugulatus
350 1668 394 1719 est
406 1658 441 1719 ad
453 1658 546 1718 lacum
559 1657 638 1719 Curti
650 1679 685 1720 ac
696 1660 815 1720 relictus
826 1662 865 1720 ita
876 1663 915 1720 uti
928 1669 1005 1737 erat,
1024 1657 1119 1720 donec

128 1746 281 1823 gregarius
292 1743 374 1803 miles
386 1760 401 1802 a
413 1743 634 1803 frumentatione
653 1744 769 1804 rediens
787 1744 901 1804 abiecto
921 1761 1011 1804 onere
1032 1753 1120 1820 capnt

128 1828 155 1889 ei
169 1829 338 1907 amputavit3
352 1835 380 1887 et
393 1828 525 1906 quoniam
538 1827 645 1906 capillo
659 1830 788 1907 arripere
801 1847 858 1888 non
872 1837 996 1907 poterat,
1012 1829 1039 1886 in
1051 1843 1119 1903 gre-

127 1913 211 1972 mium
223 1911 345 1989 addidit,
358 1929 426 1972 mox
438 1913 546 1972 inserto
559 1930 612 1991 per
625 1930 659 1972 os
672 1912 781 1991 pollice
801 1911 836 1972 ad
848 1911 990 1973 Othonem
1008 1908 1119 1994 detulit.

127 1997 181 2057 llle
192 1997 259 2057 lixis
272 1996 478 2076 calonibusque
490 1997 616 2074 donavit,
629 1998 676 2076 qui
691 1996 773 2057 basta
785 1997 918 2057 solinum
930 2015 987 2056 non
1000 1995 1060 2055 sine
1076 1993 1118 2053 lu·
1130 2015 1159 2056 aa

128 2081 221 2142 dibrio
234 2084 341 2142 circum
354 2089 448 2141 castra
461 2089 619 2159 portarunt,
630 2080 824 2141 adclamantes
836 2081 1004 2142 identidem:
1017 2077 1121 2139 Galba

129 2162 261 2244 Cupido,
276 2164 399 2244 fruaris
414 2170 516 2225 aetate
529 2166 603 2225 tua!
629 2166 751 2224 maxime
769 2166 869 2226 irritati
887 2165 923 2225 ad
936 2165 1023 2225 talem
1039 2165 1120 2223 ioco-

128 2268 190 2311 rum
201 2250 396 2329 petulantiam,
410 2249 486 2327 qnod
499 2258 565 2308 ante
577 2267 688 2328 paucos
700 2248 761 2309 dies
773 2251 885 2309 exierat
896 2251 924 2308 in
933 2248 1047 2327 vulgus,
1059 2248 1120 2308 lan·

130 2334 205 2393 danti
223 2333 333 2393 cuidam
344 2333 463 2392 lormam
479 2351 558 2392 suam
571 2341 600 2393 ut
618 2332 710 2393 adbuc
728 2333 857 2394 lloridam
875 2343 903 2393 et
915 2342 1052 2411 vegetam
1072 2349 1120 2392 re-

130 2415 285 2494 spondisse
298 2435 361 2476 eum
370 2439 377 2475 :
385 2407 456 2476 Ἔτι
466 2410 523 2496 μοὶ
532 2411 629 2496 μένος
641 2408 785 2496 ἔμπεδόν
796 2413 895 2478 ἐστιν.
925 2417 971 2478 Ab
983 2419 1008 2476 is
1019 2417 1120 2478 Patro-
1129 2433 1160 2476 aa

130 2499 170 2559 bii
182 2499 339 2560 Neroniani
350 2499 470 2560 libertus
484 2511 596 2560 centum
608 2503 702 2561 aureis
713 2501 891 2581 redemptum
911 2520 947 2562 eo
961 2501 1047 2578 loco,
1071 2499 1120 2558 ubi

129 2587 209 2644 iussu
222 2583 331 2644 Galbae
343 2583 569 2645 animadversum
581 2587 609 2644 in
622 2593 770 2663 patronum
784 2604 863 2646 sunm
877 2586 987 2664 luerat,
1004 2585 1120 2646 abiecit.

131 2670 204 2729 Sero
217 2668 329 2728 tandem
341 2667 524 2747 dispensator
536 2668 663 2748 Argivus
676 2679 705 2729 et
716 2669 773 2730 boc
793 2679 822 2731 et
841 2679 969 2730 ceterum
991 2677 1121 2729 truncum

130 2756 159 2814 in
174 2754 294 2832 privatis
307 2755 369 2812 eius
381 2753 472 2812 bortis
483 2752 602 2813 Aurelia
612 2756 658 2814 via
669 2753 836 2832 sepulturae
848 2753 936 2819 dedit.

88 2846 121 2899 21
193 2838 307 2898 Statura
329 2837 381 2896 init
402 2839 492 2914 insta,
517 2838 611 2916 capite
637 2836 812 2916 praecalvo,
847 2838 938 2898 oculis
967 2835 1122 2914 caeruleis,
1131 2857 1162 2898 ao

131 2921 241 2982 adunco
254 2938 339 2999 naso,
356 2919 485 2980 manibus
501 2921 680 3001 pedibusque
700 2921 844 2982 articulari
861 2921 963 2982 morbo
981 2921 1122 2981 distortis-

130 3006 217 3083 simis,
230 3016 260 3065 ut
271 3023 365 3085 neque
379 3005 508 3064 calceum
522 3007 637 3084 perpeti
652 3023 707 3066 nec
724 3005 842 3066 libellos
858 3006 999 3066 evolvere
1016 3013 1064 3064 ant
1079 3013 1121 3064 te·
1222 3031 1223 3044 ¹

130 3107 200 3148 nere
213 3092 327 3150 omnino
344 3088 465 3149 valeret.
501 3089 682 3150 Excreverat
700 3091 785 3150 etiam
799 3091 827 3149 in
845 3090 1012 3150 dexteriore
1029 3089 1123 3148 latere

132 3174 193 3230 eius
204 3190 282 3250 caro,
299 3171 575 3252 praependebatque
592 3173 664 3234 adeo
682 3183 712 3234 ut
729 3192 818 3251 aegre
833 3175 926 3234 lancia
942 3173 1121 3248 substringe·

90 3257 218 3313 auream.
245 3255 308 3316 Cibi
319 3257 431 3336 plurimi
443 3257 571 3335 traditur,
589 3275 672 3335 quem
684 3265 816 3335 tempore
828 3257 949 3318 hiberno
959 3259 1042 3318 etiam
1054 3264 1121 3316 ante
1132 3276 1165 3320 aa

132 3337 225 3395 lucem
244 3357 351 3417 capere
366 3350 535 3417 consuerat,
552 3343 626 3400 inter
644 3359 762 3401 caenam
776 3360 848 3401 vero
868 3359 959 3420 usque
978 3359 1013 3402 eo
1034 3339 1120 3400 abun·

82 3421 86 3428 '
132 3418 234 3495 dantis,
247 3431 277 3480 ut
294 3433 451 3500 congestas
463 3441 552 3501 super
561 3442 659 3486 manns
671 3424 808 3503 reliquias
820 3425 997 3485 circumferri
1007 3423 1122 3484 iuberet
