<?xml version="1.0" encoding="UTF-8"?>
<!DOCTYPE html PUBLIC "-//W3C//DTD XHTML 1.0 Transitional//EN"
    "http://www.w3.org/TR/xhtml1/DTD/xhtml1-transitional.dtd">
<html xmlns="http://www.w3.org/1999/xhtml" xml:lang="en" lang="en">
 <head>
  <title>
</title>
<meta http-equiv="Content-Type" content="text/html;charset=utf-8" />
  <meta name='ocr-system' content='tesseract 3.04.00' />
  <meta name='ocr-capabilities' content='ocr_page ocr_carea ocr_par ocr_line ocrx_word'/>
</head>
<body>
  <div class='ocr_page' id='page_1' title='image "./csuetonitranqui00suetgoog_0402.png"; bbox 0 0 2392 3926; ppageno 0'>
   <div class='ocr_carea' id='block_1_1' title="bbox 192 231 1185 326">
    <p class='ocr_par' dir='ltr' id='par_1_1' title="bbox 192 231 1185 326">
     <span class='ocr_line' id='line_1_1' title="bbox 192 231 1185 326; baseline 0.002 -13"><span class='ocrx_word' id='word_1_1' title='bbox 192 263 470 313; x_wconf 72' lang='grc' dir='ltr'><em>ουεεευιυοευυ</em></span> <span class='ocrx_word' id='word_1_2' title='bbox 491 264 671 313; x_wconf 74' lang='grc' dir='ltr'><em>ιιεεοωου</em></span> <span class='ocrx_word' id='word_1_3' title='bbox 692 265 893 326; x_wconf 74' lang='grc' dir='ltr'><em>ωειιςυιιυ.</em></span> <span class='ocrx_word' id='word_1_4' title='bbox 985 255 1047 315; x_wconf 78' lang='grc'><em>277</em></span> <span class='ocrx_word' id='word_1_5' title='bbox 1176 231 1185 248; x_wconf 34' lang='lat'><em>&#39;¹</em></span> 
     </span>
    </p>
   </div>
   <div class='ocr_carea' id='block_1_2' title="bbox 0 407 1049 3607">
    <p class='ocr_par' dir='ltr' id='par_1_2' title="bbox 199 407 928 517">
     <span class='ocr_line' id='line_1_2' title="bbox 199 407 928 517; baseline -0.001 -36"><span class='ocrx_word' id='word_1_6' title='bbox 199 409 334 500; x_wconf 78' lang='grc' dir='ltr'><strong><em>βέβληκ’</em></strong></span> <span class='ocrx_word' id='word_1_7' title='bbox 348 407 514 515; x_wconf 80' lang='grc' dir='ltr'><em>Ἀχιλλεύς</em></span> <span class='ocrx_word' id='word_1_8' title='bbox 532 410 593 480; x_wconf 94' lang='grc' dir='ltr'><em>δύο</em></span> <span class='ocrx_word' id='word_1_9' title='bbox 597 411 705 517; x_wconf 98' lang='grc' dir='ltr'><em>κύβω</em></span> <span class='ocrx_word' id='word_1_10' title='bbox 720 413 777 481; x_wconf 84' lang='grc' dir='ltr'><em>καὶ</em></span> <span class='ocrx_word' id='word_1_11' title='bbox 790 415 928 498; x_wconf 89' lang='grc' dir='ltr'><em>τέτταρα</em></span> 
     </span>
    </p>

    <p class='ocr_par' dir='ltr' id='par_1_3' title="bbox 11 492 1049 1174">
     <span class='ocr_line' id='line_1_3' title="bbox 39 492 1047 604; baseline 0 -38"><span class='ocrx_word' id='word_1_12' title='bbox 39 498 100 566; x_wconf 82' lang='grc' dir='ltr'><em>καὶ</em></span> <span class='ocrx_word' id='word_1_13' title='bbox 100 499 209 602; x_wconf 80' lang='grc' dir='ltr'><em>ἑξῆς·</em></span> <span class='ocrx_word' id='word_1_14' title='bbox 235 499 324 583; x_wconf 97' lang='grc' dir='ltr'><em>λέγει</em></span> <span class='ocrx_word' id='word_1_15' title='bbox 333 492 412 604; x_wconf 85' lang='grc' dir='ltr'><em>γάρ</em></span> <span class='ocrx_word' id='word_1_16' title='bbox 434 494 495 562; x_wconf 93' lang='grc' dir='ltr'><em>δύο</em></span> <span class='ocrx_word' id='word_1_17' title='bbox 518 494 666 582; x_wconf 76' lang='grc' dir='ltr'><strong><em>μονάδας</em></strong></span> <span class='ocrx_word' id='word_1_18' title='bbox 688 496 744 563; x_wconf 87' lang='lat'><em>666</em></span> <span class='ocrx_word' id='word_1_19' title='bbox 760 500 912 600; x_wconf 87' lang='grc' dir='ltr'><em>τέτταρα.</em></span> <span class='ocrx_word' id='word_1_20' title='bbox 940 504 1047 566; x_wconf 80' lang='grc' dir='ltr'><em>ἔκειτο</em></span> 
     </span>
     <span class='ocr_line' id='line_1_4' title="bbox 42 576 1048 687; baseline -0.001 -37"><span class='ocrx_word' id='word_1_21' title='bbox 42 577 109 650; x_wconf 86' lang='grc' dir='ltr'><em>δ’</em></span> <span class='ocrx_word' id='word_1_22' title='bbox 92 608 111 651; x_wconf 94' lang='grc' dir='ltr'><em>ο</em></span> <span class='ocrx_word' id='word_1_23' title='bbox 128 588 237 667; x_wconf 85' lang='grc' dir='ltr'><em>στίχος</em></span> <span class='ocrx_word' id='word_1_24' title='bbox 250 585 287 648; x_wconf 88' lang='grc' dir='ltr'><em>έν</em></span> <span class='ocrx_word' id='word_1_25' title='bbox 300 606 346 672; x_wconf 79' lang='grc' dir='ltr'><em>τω</em></span> <span class='ocrx_word' id='word_1_26' title='bbox 333 580 549 687; x_wconf 72' lang='grc' dir='ltr'><em>Εὐριπίδου</em></span> <span class='ocrx_word' id='word_1_27' title='bbox 563 581 707 682; x_wconf 76' lang='grc' dir='ltr'><em>Τηλέφῳ</em></span> <span class='ocrx_word' id='word_1_28' title='bbox 729 576 794 647; x_wconf 87' lang='grc' dir='ltr'><em>σύν</em></span> <span class='ocrx_word' id='word_1_29' title='bbox 808 578 921 661; x_wconf 78' lang='grc' dir='ltr'><em>ἄλλοις</em></span> <span class='ocrx_word' id='word_1_30' title='bbox 935 587 1048 669; x_wconf 85' lang='grc' dir='ltr'><em>ίαμβι-</em></span> 
     </span>
     <span class='ocr_line' id='line_1_5' title="bbox 41 645 1048 776; baseline -0.002 -42"><span class='ocrx_word' id='word_1_31' title='bbox 41 680 129 752; x_wconf 82' lang='grc' dir='ltr'><em>κοῖς,</em></span> <span class='ocrx_word' id='word_1_32' title='bbox 145 672 231 734; x_wconf 73' lang='grc' dir='ltr'><em>ἔνθα</em></span> <span class='ocrx_word' id='word_1_33' title='bbox 245 649 452 776; x_wconf 72' lang='lat'>6666606669</span> <span class='ocrx_word' id='word_1_34' title='bbox 465 658 544 767; x_wconf 75' lang='grc' dir='ltr'><em>τούς</em></span> <span class='ocrx_word' id='word_1_35' title='bbox 557 659 682 767; x_wconf 80' lang='grc' dir='ltr'><em>ἥρωας</em></span> <span class='ocrx_word' id='word_1_36' title='bbox 684 645 848 751; x_wconf 78' lang='grc' dir='ltr'><em>εἰσήγαγε.</em></span> <span class='ocrx_word' id='word_1_37' title='bbox 865 669 1048 754; x_wconf 75' lang='grc' dir='ltr'><em>περιῃρέθη</em></span> 
     </span>
     <span class='ocr_line' id='line_1_6' title="bbox 11 743 1049 865; baseline 0.006 -53"><span class='ocrx_word' id='word_1_38' title='bbox 11 753 98 865; x_wconf 82' lang='grc' dir='ltr'><em>εδέ,</em></span> <span class='ocrx_word' id='word_1_39' title='bbox 126 768 246 858; x_wconf 87' lang='grc' dir='ltr'><em>φησιν,</em></span> <span class='ocrx_word' id='word_1_40' title='bbox 272 756 353 816; x_wconf 91' lang='grc' dir='ltr'><em>ολον</em></span> <span class='ocrx_word' id='word_1_41' title='bbox 377 750 484 815; x_wconf 87' lang='grc' dir='ltr'><em>έκεινο</em></span> <span class='ocrx_word' id='word_1_42' title='bbox 506 773 544 815; x_wconf 88' lang='grc' dir='ltr'><em>το</em></span> <span class='ocrx_word' id='word_1_43' title='bbox 571 743 775 850; x_wconf 81' lang='grc' dir='ltr'><em>ἐπεισόδιον,</em></span> <span class='ocrx_word' id='word_1_44' title='bbox 775 755 1049 851; x_wconf 76' lang='grc' dir='ltr'><em>χλευασθέντος</em></span> 
     </span>
     <span class='ocr_line' id='line_1_7' title="bbox 41 825 1049 937; baseline 0.003 -37"><span class='ocrx_word' id='word_1_45' title='bbox 41 836 95 901; x_wconf 85' lang='grc' dir='ltr'><em>ἐπ’</em></span> <span class='ocrx_word' id='word_1_46' title='bbox 118 830 210 937; x_wconf 74' lang='grc' dir='ltr'><em>αύτῷ</em></span> <span class='ocrx_word' id='word_1_47' title='bbox 228 837 291 933; x_wconf 69' lang='grc' dir='ltr'><em>τού</em></span> <span class='ocrx_word' id='word_1_48' title='bbox 305 830 496 935; x_wconf 80' lang='grc' dir='ltr'><em>ποιήματος.</em></span> <span class='ocrx_word' id='word_1_49' title='bbox 524 833 626 925; x_wconf 85' lang='grc' dir='ltr'><em>Λέγει</em></span> <span class='ocrx_word' id='word_1_50' title='bbox 640 825 708 898; x_wconf 76' lang='grc' dir='ltr'><em>δὲ</em></span> <span class='ocrx_word' id='word_1_51' title='bbox 691 857 710 898; x_wconf 96' lang='grc' dir='ltr'><em>ο</em></span> <span class='ocrx_word' id='word_1_52' title='bbox 725 833 828 937; x_wconf 73' lang='grc' dir='ltr'><em>ταῦτα</em></span> <span class='ocrx_word' id='word_1_53' title='bbox 843 831 1049 918; x_wconf 85' lang='grc' dir='ltr'><em>παραδιδούς</em></span> 
     </span>
     <span class='ocr_line' id='line_1_8' title="bbox 41 905 1049 1020; baseline 0.001 -35"><span class='ocrx_word' id='word_1_54' title='bbox 41 913 145 985; x_wconf 82' lang='grc' dir='ltr'><em>καὶ</em></span> <span class='ocrx_word' id='word_1_55' title='bbox 120 944 165 996; x_wconf 89' lang='grc' dir='ltr'><em>ως</em></span> <span class='ocrx_word' id='word_1_56' title='bbox 186 905 280 985; x_wconf 87' lang='grc' dir='ltr'><em>οί</em></span> <span class='ocrx_word' id='word_1_57' title='bbox 240 942 294 1020; x_wconf 82' lang='grc' dir='ltr'><em>τη</em></span> <span class='ocrx_word' id='word_1_58' title='bbox 301 918 417 1006; x_wconf 78' lang='grc' dir='ltr'><em>παιδιᾷ</em></span> <span class='ocrx_word' id='word_1_59' title='bbox 434 914 537 1004; x_wconf 85' lang='grc' dir='ltr'><em>ταύτη</em></span> <span class='ocrx_word' id='word_1_60' title='bbox 558 941 723 1001; x_wconf 80' lang='grc' dir='ltr'><em>χρωμενοι</em></span> <span class='ocrx_word' id='word_1_61' title='bbox 744 911 809 983; x_wconf 82' lang='grc' dir='ltr'><em>άπὸ</em></span> <span class='ocrx_word' id='word_1_62' title='bbox 831 920 898 983; x_wconf 76' lang='grc' dir='ltr'><em>τῶν</em></span> <span class='ocrx_word' id='word_1_63' title='bbox 922 919 959 984; x_wconf 91' lang='grc' dir='ltr'><em>έν</em></span> <span class='ocrx_word' id='word_1_64' title='bbox 980 933 1049 995; x_wconf 82' lang='grc' dir='ltr'><em>τοῖς</em></span> 
     </span>
     <span class='ocr_line' id='line_1_9' title="bbox 40 998 1049 1107; baseline -0.001 -38"><span class='ocrx_word' id='word_1_65' title='bbox 40 1000 163 1104; x_wconf 77' lang='grc' dir='ltr'><em>κύβοις</em></span> <span class='ocrx_word' id='word_1_66' title='bbox 187 998 363 1107; x_wconf 74' lang='grc' dir='ltr'><em>τρημάτων</em></span> <span class='ocrx_word' id='word_1_67' title='bbox 388 1014 581 1106; x_wconf 85' lang='grc' dir='ltr'><em>τρηματῑται</em></span> <span class='ocrx_word' id='word_1_68' title='bbox 605 999 776 1086; x_wconf 79' lang='grc' dir='ltr'><em>ἐλέγοντο,</em></span> <span class='ocrx_word' id='word_1_69' title='bbox 806 998 967 1086; x_wconf 79' lang='grc' dir='ltr'><em>παράγων</em></span> <span class='ocrx_word' id='word_1_70' title='bbox 993 1005 1049 1098; x_wconf 86' lang='lat'><em>666</em></span> 
     </span>
     <span class='ocr_line' id='line_1_10' title="bbox 40 1083 433 1188; baseline 0 -36"><span class='ocrx_word' id='word_1_71' title='bbox 40 1090 164 1174; x_wconf 79' lang='grc' dir='ltr'><em>χρῆσιν</em></span> <span class='ocrx_word' id='word_1_72' title='bbox 177 1083 365 1188; x_wconf 76' lang='grc' dir='ltr'><em>Σύφρογος</em></span> <span class='ocrx_word' id='word_1_73' title='bbox 378 1110 433 1188; x_wconf 70' lang='grc' dir='ltr'><em>το·</em></span> 
     </span>
    </p>

    <p class='ocr_par' dir='ltr' id='par_1_4' title="bbox 0 1162 1049 1592">
     <span class='ocr_line' id='line_1_11' title="bbox 0 1162 963 1273; baseline -0.001 -37"><span class='ocrx_word' id='word_1_74' title='bbox 0 1212 3 1229; x_wconf 70' lang='grc' dir='ltr'><em>ι</em></span> <span class='ocrx_word' id='word_1_75' title='bbox 15 1197 30 1236; x_wconf 96' lang='grc' dir='ltr'><em>ο</em></span> <span class='ocrx_word' id='word_1_76' title='bbox 199 1166 379 1272; x_wconf 76' lang='grc' dir='ltr'><em>δειπνήσας</em></span> <span class='ocrx_word' id='word_1_77' title='bbox 395 1162 562 1271; x_wconf 76' lang='grc' dir='ltr'><em>ὠστίζεται</em></span> <span class='ocrx_word' id='word_1_78' title='bbox 576 1181 645 1244; x_wconf 82' lang='grc' dir='ltr'><em>τοῖς</em></span> <span class='ocrx_word' id='word_1_79' title='bbox 659 1165 963 1273; x_wconf 87' lang='grc' dir='ltr'><em>τρηματιζόντεσσι·</em></span> 
     </span>
     <span class='ocr_line' id='line_1_12' title="bbox 41 1246 1047 1400; baseline -0.001 -79"><span class='ocrx_word' id='word_1_80' title='bbox 41 1249 143 1321; x_wconf 79' lang='grc' dir='ltr'><em>καὶ“</em></span> <span class='ocrx_word' id='word_1_81' title='bbox 124 1280 175 1320; x_wconf 88' lang='grc' dir='ltr'><em>οτι</em></span> <span class='ocrx_word' id='word_1_82' title='bbox 189 1251 355 1334; x_wconf 85' lang='grc' dir='ltr'><em>ἐσπούδαζ</em></span> <span class='ocrx_word' id='word_1_83' title='bbox 339 1259 408 1334; x_wconf 89' lang='grc' dir='ltr'><em>ζετο</em></span> <span class='ocrx_word' id='word_1_84' title='bbox 429 1279 450 1338; x_wconf 90' lang='grc' dir='ltr'><em>η</em></span> <span class='ocrx_word' id='word_1_85' title='bbox 439 1246 613 1400; x_wconf 57' lang='grc' dir='ltr'><em>’κυβείαί</em></span> <span class='ocrx_word' id='word_1_86' title='bbox 601 1246 643 1319; x_wconf 89' lang='grc' dir='ltr'><em>ού</em></span> <span class='ocrx_word' id='word_1_87' title='bbox 657 1251 764 1355; x_wconf 91' lang='grc' dir='ltr'><em>μόνον</em></span> <span class='ocrx_word' id='word_1_88' title='bbox 778 1276 868 1356; x_wconf 89' lang='grc' dir='ltr'><em>παρα</em></span> <span class='ocrx_word' id='word_1_89' title='bbox 856 1246 1047 1361; x_wconf 76' lang='grc' dir='ltr'><em>Σικελοζς,</em></span> 
     </span>
     <span class='ocr_line' id='line_1_13' title="bbox 43 1330 1049 1449; baseline 0 -45"><span class='ocrx_word' id='word_1_90' title='bbox 43 1333 132 1404; x_wconf 86' lang='lat'>6666</span> <span class='ocrx_word' id='word_1_91' title='bbox 145 1332 220 1404; x_wconf 76' lang='grc' dir='ltr'><em>κάλ’</em></span> <span class='ocrx_word' id='word_1_92' title='bbox 212 1341 353 1440; x_wconf 72' lang='grc' dir='ltr'><em>Αθηναί</em></span> <span class='ocrx_word' id='word_1_93' title='bbox 351 1361 421 1420; x_wconf 90' lang='grc' dir='ltr'><em>οις,</em></span> <span class='ocrx_word' id='word_1_94' title='bbox 437 1361 468 1402; x_wconf 89' lang='grc' dir='ltr'><em>οι</em></span> <span class='ocrx_word' id='word_1_95' title='bbox 456 1335 613 1402; x_wconf 71' lang='lat'>“666666</span> <span class='ocrx_word' id='word_1_96' title='bbox 563 1350 706 1438; x_wconf 80' lang='grc' dir='ltr'><em>ενροῖς</em></span> <span class='ocrx_word' id='word_1_97' title='bbox 720 1330 955 1449; x_wconf 73' lang='grc' dir='ltr'><em>ἀθροιζόμενοι</em></span> <span class='ocrx_word' id='word_1_98' title='bbox 969 1331 1049 1404; x_wconf 84' lang='grc' dir='ltr'><em>ἐκύ-</em></span> 
     </span>
     <span class='ocr_line' id='line_1_14' title="bbox 42 1417 1049 1527; baseline 0.001 -40"><span class='ocrx_word' id='word_1_99' title='bbox 42 1429 168 1508; x_wconf 90' lang='grc' dir='ltr'><em>βενον,</em></span> <span class='ocrx_word' id='word_1_100' title='bbox 187 1421 242 1489; x_wconf 85' lang='lat'><em>666</em></span> <span class='ocrx_word' id='word_1_101' title='bbox 231 1418 398 1527; x_wconf 87' lang='grc' dir='ltr'><em>μάλιστα</em></span> <span class='ocrx_word' id='word_1_102' title='bbox 414 1420 452 1485; x_wconf 92' lang='grc' dir='ltr'><em>έν</em></span> <span class='ocrx_word' id='word_1_103' title='bbox 466 1423 512 1486; x_wconf 78' lang='grc' dir='ltr'><em>τω</em></span> <span class='ocrx_word' id='word_1_104' title='bbox 525 1423 582 1506; x_wconf 80' lang='grc' dir='ltr'><em>τῆς</em></span> <span class='ocrx_word' id='word_1_105' title='bbox 597 1417 781 1523; x_wconf 86' lang='grc' dir='ltr'><em>Σκιράδος’</em></span> <span class='ocrx_word' id='word_1_106' title='bbox 774 1421 915 1522; x_wconf 78' lang='grc' dir='ltr'><em>Αθηνᾶς</em></span> <span class='ocrx_word' id='word_1_107' title='bbox 935 1447 981 1488; x_wconf 94' lang='grc' dir='ltr'><em>τω</em></span> <span class='ocrx_word' id='word_1_108' title='bbox 968 1420 1049 1488; x_wconf 71' lang='grc' dir='ltr'><em>’ὶέκ</em></span> 
     </span>
     <span class='ocr_line' id='line_1_15' title="bbox 43 1487 1048 1614; baseline 0.001 -43"><span class='ocrx_word' id='word_1_109' title='bbox 43 1511 169 1608; x_wconf 88' lang='grc' dir='ltr'><em>σκίρω,</em></span> <span class='ocrx_word' id='word_1_110' title='bbox 185 1499 240 1590; x_wconf 76' lang='lat'><em>66’</em></span> <span class='ocrx_word' id='word_1_111' title='bbox 262 1531 303 1572; x_wconf 93' lang='grc' dir='ltr'><em>ου</em></span> <span class='ocrx_word' id='word_1_112' title='bbox 290 1492 429 1571; x_wconf 63' lang='lat'>‘³666</span> <span class='ocrx_word' id='word_1_113' title='bbox 393 1529 433 1570; x_wconf 90' lang='grc' dir='ltr'><em>τα</em></span> <span class='ocrx_word' id='word_1_114' title='bbox 448 1487 531 1608; x_wconf 91' lang='lat'>6666</span> <span class='ocrx_word' id='word_1_115' title='bbox 545 1500 748 1614; x_wconf 84' lang='grc' dir='ltr'><em>κυβευτήρια</em></span> <span class='ocrx_word' id='word_1_116' title='bbox 769 1501 957 1608; x_wconf 83' lang='grc' dir='ltr'><em>σκιράφεια</em></span> <span class='ocrx_word' id='word_1_117' title='bbox 957 1490 1048 1573; x_wconf 82' lang='lat'>660-</span> 
     </span>
    </p>

    <p class='ocr_par' dir='ltr' id='par_1_5' title="bbox 5 1577 1049 1838">
     <span class='ocr_line' id='line_1_16' title="bbox 5 1577 1048 1695; baseline 0 -40"><span class='ocrx_word' id='word_1_118' title='bbox 5 1616 32 1656; x_wconf 81' lang='lat'><em>15</em></span> <span class='ocrx_word' id='word_1_119' title='bbox 43 1588 180 1676; x_wconf 90' lang='grc' dir='ltr'><em>μαζετο</em></span> <span class='ocrx_word' id='word_1_120' title='bbox 211 1577 300 1669; x_wconf 79' lang='grc' dir='ltr'><em>ἐξ</em></span> <span class='ocrx_word' id='word_1_121' title='bbox 273 1613 321 1655; x_wconf 92' lang='grc' dir='ltr'><em>ων</em></span> <span class='ocrx_word' id='word_1_122' title='bbox 346 1587 402 1656; x_wconf 87' lang='grc' dir='ltr'><em>καὶ</em></span> <span class='ocrx_word' id='word_1_123' title='bbox 427 1586 536 1655; x_wconf 90' lang='grc' dir='ltr'><em>πάντα</em></span> <span class='ocrx_word' id='word_1_124' title='bbox 559 1591 600 1654; x_wconf 82' lang='grc' dir='ltr'><em>τά</em></span> <span class='ocrx_word' id='word_1_125' title='bbox 620 1587 886 1695; x_wconf 75' lang='grc' dir='ltr'><em>πανουργήματα</em></span> <span class='ocrx_word' id='word_1_126' title='bbox 908 1584 963 1655; x_wconf 82' lang='grc' dir='ltr'><em>διά</em></span> <span class='ocrx_word' id='word_1_127' title='bbox 980 1585 1048 1695; x_wconf 85' lang='grc' dir='ltr'><em>τήν</em></span> 
     </span>
     <span class='ocr_line' id='line_1_17' title="bbox 44 1669 1049 1838; baseline 0 -98"><span class='ocrx_word' id='word_1_128' title='bbox 44 1676 84 1741; x_wconf 85' lang='grc' dir='ltr'><em>ἐν</em></span> <span class='ocrx_word' id='word_1_129' title='bbox 91 1677 317 1838; x_wconf 68' lang='grc' dir='ltr'><em>σκξιραφείοις</em></span> <span class='ocrx_word' id='word_1_130' title='bbox 338 1676 559 1762; x_wconf 79' lang='grc' dir='ltr'><em>ρᾳδιουργίαν</em></span> <span class='ocrx_word' id='word_1_131' title='bbox 581 1676 740 1758; x_wconf 79' lang='grc' dir='ltr'><em>σκίραφοι</em></span> <span class='ocrx_word' id='word_1_132' title='bbox 763 1673 954 1740; x_wconf 83' lang='grc' dir='ltr'><em>ε’καλούντο.</em></span> <span class='ocrx_word' id='word_1_133' title='bbox 980 1669 1049 1740; x_wconf 85' lang='grc' dir='ltr'><em>Ἱπ-</em></span> 
     </span>
     <span class='ocr_line' id='line_1_18' title="bbox 44 1754 174 1825; baseline 0 -1"><span class='ocrx_word' id='word_1_134' title='bbox 44 1754 174 1825; x_wconf 81' lang='grc' dir='ltr'><em>πάνυ·</em></span> 
     </span>
    </p>

    <p class='ocr_par' dir='ltr' id='par_1_6' title="bbox 198 1837 688 1949">
     <span class='ocr_line' id='line_1_19' title="bbox 198 1837 688 1949; baseline -0.002 -42"><span class='ocrx_word' id='word_1_135' title='bbox 198 1846 233 1907; x_wconf 88' lang='grc' dir='ltr'><em>τί</em></span> <span class='ocrx_word' id='word_1_136' title='bbox 243 1866 284 1926; x_wconf 89' lang='grc' dir='ltr'><em>με</em></span> <span class='ocrx_word' id='word_1_137' title='bbox 299 1839 475 1949; x_wconf 86' lang='grc' dir='ltr'><em>σκιράφοις</em></span> <span class='ocrx_word' id='word_1_138' title='bbox 489 1837 688 1922; x_wconf 85' lang='grc' dir='ltr'><em>άτιτάλλεις;</em></span> 
     </span>
    </p>

    <p class='ocr_par' dir='ltr' id='par_1_7' title="bbox 1 1923 1048 2031">
     <span class='ocr_line' id='line_1_20' title="bbox 1 1923 1048 2031; baseline -0.002 -39"><span class='ocrx_word' id='word_1_139' title='bbox 1 1969 2 1973; x_wconf 61' lang='lat'><em>=</em></span> <span class='ocrx_word' id='word_1_140' title='bbox 41 1930 254 2031; x_wconf 87' lang='grc' dir='ltr'><em>Πεποίηνται</em></span> <span class='ocrx_word' id='word_1_141' title='bbox 268 1924 320 2028; x_wconf 85' lang='lat'><em>66,</em></span> <span class='ocrx_word' id='word_1_142' title='bbox 346 1944 445 2025; x_wconf 86' lang='grc' dir='ltr'><em>φησι,</em></span> <span class='ocrx_word' id='word_1_143' title='bbox 470 1926 525 1990; x_wconf 81' lang='grc' dir='ltr'><em>καὶ</em></span> <span class='ocrx_word' id='word_1_144' title='bbox 539 1923 720 2029; x_wconf 79' lang='grc' dir='ltr'><em>προστάται</em></span> <span class='ocrx_word' id='word_1_145' title='bbox 741 1929 802 1994; x_wconf 86' lang='grc' dir='ltr'><em>τού</em></span> <span class='ocrx_word' id='word_1_146' title='bbox 819 1923 905 1994; x_wconf 85' lang='grc' dir='ltr'><em>ούτω</em></span> <span class='ocrx_word' id='word_1_147' title='bbox 921 1931 1048 2005; x_wconf 79' lang='grc' dir='ltr'><em>παίζειν</em></span> 
     </span>
    </p>

    <p class='ocr_par' dir='ltr' id='par_1_8' title="bbox 8 2002 1049 2345">
     <span class='ocr_line' id='line_1_21' title="bbox 8 2002 1049 2158; baseline -0.006 -79"><span class='ocrx_word' id='word_1_148' title='bbox 8 2038 36 2080; x_wconf 80' lang='grc' dir='ltr'><em>κο</em></span> <span class='ocrx_word' id='word_1_149' title='bbox 41 2006 161 2095; x_wconf 86' lang='grc' dir='ltr'><em>Ερμης</em></span> <span class='ocrx_word' id='word_1_150' title='bbox 173 2008 229 2076; x_wconf 83' lang='grc' dir='ltr'><em>καὶ</em></span> <span class='ocrx_word' id='word_1_151' title='bbox 241 2006 330 2158; x_wconf 90' lang='grc' dir='ltr'><em>Παν,</em></span> <span class='ocrx_word' id='word_1_152' title='bbox 347 2002 508 2084; x_wconf 79' lang='grc' dir='ltr'><em>καθάς</em></span> <span class='ocrx_word' id='word_1_153' title='bbox 435 2010 492 2108; x_wconf 85' lang='grc' dir='ltr'><em>τή</em></span> <span class='ocrx_word' id='word_1_154' title='bbox 547 2003 863 2110; x_wconf 80' lang='grc' dir='ltr'><em>ουσικῆςἉπύλλων</em></span> <span class='ocrx_word' id='word_1_155' title='bbox 877 2034 920 2075; x_wconf 89' lang='grc' dir='ltr'><em>κα</em></span> <span class='ocrx_word' id='word_1_156' title='bbox 921 2008 1049 2074; x_wconf 90' lang='lat' dir='ltr'>6M06-</span> 
     </span>
     <span class='ocr_line' id='line_1_22' title="bbox 47 2034 1048 2200; baseline -0.002 -41"><span class='ocrx_word' id='word_1_157' title='bbox 47 2112 115 2160; x_wconf 90' lang='grc' dir='ltr'><em>σαι.</em></span> <span class='ocrx_word' id='word_1_158' title='bbox 157 2088 298 2200; x_wconf 70' lang='grc' dir='ltr'><em>Τούςδε</em></span> <span class='ocrx_word' id='word_1_159' title='bbox 319 2086 463 2167; x_wconf 84' lang='grc' dir='ltr'><em>πεσσούς</em></span> <span class='ocrx_word' id='word_1_160' title='bbox 486 2034 575 2177; x_wconf 69' lang='lat'><em>666</em></span> <span class='ocrx_word' id='word_1_161' title='bbox 597 2089 731 2200; x_wconf 78' lang='grc' dir='ltr'><em>ψήφους</em></span> <span class='ocrx_word' id='word_1_162' title='bbox 752 2093 836 2160; x_wconf 80' lang='grc' dir='ltr'><em>εἶναι</em></span> <span class='ocrx_word' id='word_1_163' title='bbox 854 2094 969 2175; x_wconf 84' lang='grc' dir='ltr'><em>πέντε,</em></span> <span class='ocrx_word' id='word_1_164' title='bbox 997 2087 1048 2170; x_wconf 81' lang='grc' dir='ltr'><em>αἷς</em></span> 
     </span>
     <span class='ocr_line' id='line_1_23' title="bbox 48 2175 1048 2281; baseline -0.003 -37"><span class='ocrx_word' id='word_1_165' title='bbox 48 2177 103 2244; x_wconf 82' lang='grc' dir='ltr'><em>ἐπὶ</em></span> <span class='ocrx_word' id='word_1_166' title='bbox 129 2177 227 2244; x_wconf 89' lang='grc' dir='ltr'><em>πέντε</em></span> <span class='ocrx_word' id='word_1_167' title='bbox 254 2177 415 2281; x_wconf 76' lang='grc' dir='ltr'><em>γραμμῶν</em></span> <span class='ocrx_word' id='word_1_168' title='bbox 439 2180 530 2277; x_wconf 83' lang='grc' dir='ltr'><em>ἔπαιζ</em></span> <span class='ocrx_word' id='word_1_169' title='bbox 515 2181 571 2255; x_wconf 89' lang='grc' dir='ltr'><em>ζον</em></span> <span class='ocrx_word' id='word_1_170' title='bbox 587 2175 816 2281; x_wconf 78' lang='grc' dir='ltr'><em>ἑκατέρωθεν,</em></span> <span class='ocrx_word' id='word_1_171' title='bbox 838 2181 895 2243; x_wconf 84' lang='lat'><em>666</em></span> <span class='ocrx_word' id='word_1_172' title='bbox 909 2177 1048 2253; x_wconf 87' lang='grc' dir='ltr'><em>εκαστος</em></span> 
     </span>
     <span class='ocr_line' id='line_1_24' title="bbox 48 2254 970 2370; baseline -0.006 -41"><span class='ocrx_word' id='word_1_173' title='bbox 48 2264 117 2329; x_wconf 77' lang='grc' dir='ltr'><em>των</em></span> <span class='ocrx_word' id='word_1_174' title='bbox 132 2257 361 2328; x_wconf 85' lang='grc' dir='ltr'><em>πεττευόντων</em></span> <span class='ocrx_word' id='word_1_175' title='bbox 375 2265 430 2362; x_wconf 79' lang='grc' dir='ltr'><em>ἔχη</em></span> <span class='ocrx_word' id='word_1_176' title='bbox 444 2254 503 2336; x_wconf 86' lang='grc' dir='ltr'><em>τὰς</em></span> <span class='ocrx_word' id='word_1_177' title='bbox 516 2255 595 2326; x_wconf 73' lang='grc' dir='ltr'><em>καθ’</em></span> <span class='ocrx_word' id='word_1_178' title='bbox 614 2259 743 2370; x_wconf 70' lang='grc' dir='ltr'><em>ἑαυτήν.</em></span> <span class='ocrx_word' id='word_1_179' title='bbox 776 2261 970 2345; x_wconf 79' lang='grc' dir='ltr'><em>Σοφοκλῆς</em></span> 
     </span>
    </p>

    <p class='ocr_par' dir='ltr' id='par_1_9' title="bbox 213 2339 962 2454">
     <span class='ocr_line' id='line_1_25' title="bbox 213 2339 962 2454; baseline -0.004 -42"><span class='ocrx_word' id='word_1_180' title='bbox 213 2345 269 2412; x_wconf 75' lang='grc' dir='ltr'><em>καὶ</em></span> <span class='ocrx_word' id='word_1_181' title='bbox 284 2339 390 2411; x_wconf 83' lang='grc' dir='ltr'><em>πεσσά</em></span> <span class='ocrx_word' id='word_1_182' title='bbox 403 2342 641 2454; x_wconf 87' lang='grc' dir='ltr'><em>πεντάγραμμα</em></span> <span class='ocrx_word' id='word_1_183' title='bbox 654 2369 709 2409; x_wconf 93' lang='grc' dir='ltr'><em>και</em></span> <span class='ocrx_word' id='word_1_184' title='bbox 699 2342 839 2429; x_wconf 89' lang='grc' dir='ltr'><em>κύβων</em></span> <span class='ocrx_word' id='word_1_185' title='bbox 853 2349 962 2449; x_wconf 80' lang='grc' dir='ltr'><em>βολαί,</em></span> 
     </span>
    </p>

    <p class='ocr_par' dir='ltr' id='par_1_10' title="bbox 13 2422 1048 2852">
     <span class='ocr_line' id='line_1_26' title="bbox 13 2422 1048 2578; baseline -0.004 -80"><span class='ocrx_word' id='word_1_186' title='bbox 13 2433 270 2540; x_wconf 81' lang='grc' dir='ltr'><em>κεΠαρετείνετο</em></span> <span class='ocrx_word' id='word_1_187' title='bbox 287 2428 339 2513; x_wconf 83' lang='grc' dir='ltr'><em>δέ,</em></span> <span class='ocrx_word' id='word_1_188' title='bbox 364 2449 463 2535; x_wconf 72' lang='grc' dir='ltr'><em>φησι,</em></span> <span class='ocrx_word' id='word_1_189' title='bbox 479 2432 523 2494; x_wconf 84' lang='grc' dir='ltr'><em>δι’</em></span> <span class='ocrx_word' id='word_1_190' title='bbox 539 2430 650 2495; x_wconf 76' lang='grc' dir='ltr'><em>αὐτῶν</em></span> <span class='ocrx_word' id='word_1_191' title='bbox 665 2426 720 2493; x_wconf 78' lang='grc' dir='ltr'><em>καὶ</em></span> <span class='ocrx_word' id='word_1_192' title='bbox 732 2431 813 2514; x_wconf 83' lang='grc' dir='ltr'><em>μέση</em></span> <span class='ocrx_word' id='word_1_193' title='bbox 829 2425 977 2578; x_wconf 87' lang='grc' dir='ltr'><em>γραμμή,</em></span> <span class='ocrx_word' id='word_1_194' title='bbox 1004 2422 1048 2533; x_wconf 84' lang='lat'><em>66</em></span> 
     </span>
     <span class='ocr_line' id='line_1_27' title="bbox 48 2507 1048 2622; baseline 0.001 -43"><span class='ocrx_word' id='word_1_195' title='bbox 48 2513 143 2599; x_wconf 85' lang='grc' dir='ltr'><em>ίερδιν</em></span> <span class='ocrx_word' id='word_1_196' title='bbox 157 2507 343 2618; x_wconf 84' lang='grc' dir='ltr'><em>ύνύμαζον,</em></span> <span class='ocrx_word' id='word_1_197' title='bbox 364 2508 454 2616; x_wconf 77' lang='lat'>(69&#39;</span> <span class='ocrx_word' id='word_1_198' title='bbox 438 2513 594 2622; x_wconf 79' lang='grc' dir='ltr'><em>αγωτέρω</em></span> <span class='ocrx_word' id='word_1_199' title='bbox 619 2515 788 2614; x_wconf 82' lang='grc' dir='ltr'><em>δηλοῦται)</em></span> <span class='ocrx_word' id='word_1_200' title='bbox 810 2512 879 2580; x_wconf 81' lang='grc' dir='ltr'><em>ἐπεὶ</em></span> <span class='ocrx_word' id='word_1_201' title='bbox 909 2512 1048 2580; x_wconf 83' lang='grc' dir='ltr'><em>ονικω’-</em></span> 
     </span>
     <span class='ocr_line' id='line_1_28' title="bbox 48 2590 1048 2708; baseline 0 -45"><span class='ocrx_word' id='word_1_202' title='bbox 48 2622 149 2682; x_wconf 87' lang='grc' dir='ltr'><em>μενος</em></span> <span class='ocrx_word' id='word_1_203' title='bbox 163 2591 216 2662; x_wconf 82' lang='grc' dir='ltr'><em>ἐπ’</em></span> <span class='ocrx_word' id='word_1_204' title='bbox 233 2594 374 2708; x_wconf 83' lang='grc' dir='ltr'><em>ἐσχάτην</em></span> <span class='ocrx_word' id='word_1_205' title='bbox 391 2591 496 2681; x_wconf 83' lang='grc' dir='ltr'><em>αὐτήν</em></span> <span class='ocrx_word' id='word_1_206' title='bbox 509 2599 602 2663; x_wconf 82' lang='grc' dir='ltr'><em>ἵεται.</em></span> <span class='ocrx_word' id='word_1_207' title='bbox 628 2590 711 2662; x_wconf 72' lang='grc' dir='ltr'><em>ὅθεν</em></span> <span class='ocrx_word' id='word_1_208' title='bbox 725 2597 780 2664; x_wconf 80' lang='grc' dir='ltr'><em>καὶ</em></span> <span class='ocrx_word' id='word_1_209' title='bbox 795 2602 969 2702; x_wconf 82' lang='grc' dir='ltr'><em>παροιμία·</em></span> <span class='ocrx_word' id='word_1_210' title='bbox 994 2624 1048 2663; x_wconf 93' lang='grc' dir='ltr'><em>κι-</em></span> 
     </span>
     <span class='ocr_line' id='line_1_29' title="bbox 49 2675 1048 2767; baseline 0.001 -21"><span class='ocrx_word' id='word_1_211' title='bbox 49 2695 122 2747; x_wconf 82' lang='grc' dir='ltr'><em>νεῖν</em></span> <span class='ocrx_word' id='word_1_212' title='bbox 144 2675 204 2747; x_wconf 88' lang='grc' dir='ltr'><em>τδν</em></span> <span class='ocrx_word' id='word_1_213' title='bbox 224 2675 271 2763; x_wconf 86' lang='grc' dir='ltr'><em>άφ</em></span> <span class='ocrx_word' id='word_1_214' title='bbox 275 2679 405 2764; x_wconf 85' lang='grc' dir='ltr'><em>’ίεράς,</em></span> <span class='ocrx_word' id='word_1_215' title='bbox 426 2685 528 2746; x_wconf 73' lang='grc' dir='ltr'><em>λίθον</em></span> <span class='ocrx_word' id='word_1_216' title='bbox 549 2677 692 2767; x_wconf 90' lang='grc' dir='ltr'><em>δηλαδή,</em></span> <span class='ocrx_word' id='word_1_217' title='bbox 718 2681 772 2747; x_wconf 84' lang='grc' dir='ltr'><em>έπὶ</em></span> <span class='ocrx_word' id='word_1_218' title='bbox 800 2682 867 2747; x_wconf 76' lang='grc' dir='ltr'><em>τῶν</em></span> <span class='ocrx_word' id='word_1_219' title='bbox 893 2676 1048 2766; x_wconf 88' lang='grc' dir='ltr'><em>άπεγνω-</em></span> 
     </span>
     <span class='ocr_line' id='line_1_30' title="bbox 51 2761 984 2914; baseline 0.002 -86"><span class='ocrx_word' id='word_1_220' title='bbox 51 2765 181 2850; x_wconf 86' lang='grc' dir='ltr'><em>σμένων</em></span> <span class='ocrx_word' id='word_1_221' title='bbox 197 2763 253 2830; x_wconf 79' lang='grc' dir='ltr'><em>καλ</em></span> <span class='ocrx_word' id='word_1_222' title='bbox 267 2765 419 2871; x_wconf 81' lang='grc' dir='ltr'><em>ἐσχάτης</em></span> <span class='ocrx_word' id='word_1_223' title='bbox 418 2769 588 2867; x_wconf 72' lang='grc' dir='ltr'><em>βοηθείας</em></span> <span class='ocrx_word' id='word_1_224' title='bbox 604 2764 785 2914; x_wconf 78' lang='grc' dir='ltr'><em>δεομένων,</em></span> <span class='ocrx_word' id='word_1_225' title='bbox 812 2761 984 2864; x_wconf 87' lang='grc' dir='ltr'><em>Σωφρων·</em></span> 
     </span>
    </p>

    <p class='ocr_par' dir='ltr' id='par_1_11' title="bbox 18 2841 1047 3607">
     <span class='ocr_line' id='line_1_31' title="bbox 18 2841 874 2950; baseline -0.001 -36"><span class='ocrx_word' id='word_1_226' title='bbox 18 2881 43 2920; x_wconf 75' lang='lat'><em>30</em></span> <span class='ocrx_word' id='word_1_227' title='bbox 202 2845 327 2950; x_wconf 89' lang='grc' dir='ltr'><em>κινήσω</em></span> <span class='ocrx_word' id='word_1_228' title='bbox 356 2841 392 2914; x_wconf 87' lang='grc' dir='ltr'><em>δ’</em></span> <span class='ocrx_word' id='word_1_229' title='bbox 404 2843 468 2935; x_wconf 87' lang='lat'><em>666</em></span> <span class='ocrx_word' id='word_1_230' title='bbox 482 2849 538 2914; x_wconf 82' lang='lat'><em>666</em></span> <span class='ocrx_word' id='word_1_231' title='bbox 553 2847 654 2914; x_wconf 83' lang='grc' dir='ltr'><em>καὶ</em></span> <span class='ocrx_word' id='word_1_232' title='bbox 621 2872 680 2915; x_wconf 92' lang='grc' dir='ltr'><em>τον</em></span> <span class='ocrx_word' id='word_1_233' title='bbox 694 2843 749 2934; x_wconf 77' lang='lat'><em>66⁹</em></span> <span class='ocrx_word' id='word_1_234' title='bbox 770 2851 874 2934; x_wconf 85' lang='grc' dir='ltr'><em>λερᾶς·</em></span> 
     </span>
     <span class='ocr_line' id='line_1_32' title="bbox 50 2924 622 3037; baseline 0.002 -41.006"><span class='ocrx_word' id='word_1_235' title='bbox 50 2924 196 3009; x_wconf 84' lang='grc' dir='ltr'><em>Ἀλκαῑος</em></span> <span class='ocrx_word' id='word_1_236' title='bbox 211 2933 249 2999; x_wconf 85' lang='grc' dir='ltr'><em>δέ</em></span> <span class='ocrx_word' id='word_1_237' title='bbox 262 2951 365 3017; x_wconf 84' lang='grc' dir='ltr'><em>φησιν</em></span> <span class='ocrx_word' id='word_1_238' title='bbox 380 2933 416 2999; x_wconf 83' lang='grc' dir='ltr'><em>ἐκ</em></span> <span class='ocrx_word' id='word_1_239' title='bbox 435 2930 622 3037; x_wconf 86' lang='grc' dir='ltr'><em>πλήρους·</em></span> 
     </span>
     <span class='ocr_line' id='line_1_33' title="bbox 452 3003 858 3118; baseline -0.002 -36"><span class='ocrx_word' id='word_1_240' title='bbox 452 3019 518 3082; x_wconf 86' lang='grc' dir='ltr'><em>νῦν</em></span> <span class='ocrx_word' id='word_1_241' title='bbox 532 3011 563 3083; x_wconf 91' lang='grc' dir='ltr'><em>δ’</em></span> <span class='ocrx_word' id='word_1_242' title='bbox 580 3003 679 3092; x_wconf 82' lang='grc' dir='ltr'><em>οὗτος</em></span> <span class='ocrx_word' id='word_1_243' title='bbox 693 3016 858 3118; x_wconf 78' lang='grc' dir='ltr'><em>έπικρετεῖ</em></span> 
     </span>
     <span class='ocr_line' id='line_1_34' title="bbox 200 3094 856 3209; baseline -0.008 -40"><span class='ocrx_word' id='word_1_244' title='bbox 200 3099 341 3209; x_wconf 89' lang='grc' dir='ltr'><em>κινήσας</em></span> <span class='ocrx_word' id='word_1_245' title='bbox 351 3095 411 3168; x_wconf 87' lang='grc' dir='ltr'><em>τόν</em></span> <span class='ocrx_word' id='word_1_246' title='bbox 425 3096 470 3204; x_wconf 79' lang='lat'><em>66</em></span> <span class='ocrx_word' id='word_1_247' title='bbox 473 3094 573 3187; x_wconf 74' lang='grc' dir='ltr'><em>’ἱράς</em></span> <span class='ocrx_word' id='word_1_248' title='bbox 587 3095 731 3166; x_wconf 87' lang='grc' dir='ltr'><em>πυκινὸν</em></span> <span class='ocrx_word' id='word_1_249' title='bbox 747 3104 856 3166; x_wconf 76' lang='grc' dir='ltr'><em>λίθον.</em></span> 
     </span>
     <span class='ocr_line' id='line_1_35' title="bbox 60 3180 701 3292; baseline 0.006 -45"><span class='ocrx_word' id='word_1_250' title='bbox 60 3186 215 3252; x_wconf 80' lang='grc' dir='ltr'><em>Τοιούτον</em></span> <span class='ocrx_word' id='word_1_251' title='bbox 230 3184 267 3252; x_wconf 70' lang='grc' dir='ltr'><em>δὲ</em></span> <span class='ocrx_word' id='word_1_252' title='bbox 289 3185 345 3252; x_wconf 87' lang='grc' dir='ltr'><em>καὶ</em></span> <span class='ocrx_word' id='word_1_253' title='bbox 340 3180 448 3292; x_wconf 83' lang='grc' dir='ltr'><em>πμρά</em></span> <span class='ocrx_word' id='word_1_254' title='bbox 466 3189 649 3287; x_wconf 80' lang='grc' dir='ltr'><em>Θεοκρίτω</em></span> <span class='ocrx_word' id='word_1_255' title='bbox 648 3182 701 3251; x_wconf 90' lang='grc' dir='ltr'><em>τό·</em></span> 
     </span>
     <span class='ocr_line' id='line_1_36' title="bbox 24 3264 823 3371; baseline -0.005 -35"><span class='ocrx_word' id='word_1_256' title='bbox 24 3285 46 3326; x_wconf 77' lang='lat'><em>³³</em></span> <span class='ocrx_word' id='word_1_257' title='bbox 254 3264 313 3337; x_wconf 84' lang='grc' dir='ltr'><em>τὸν</em></span> <span class='ocrx_word' id='word_1_258' title='bbox 329 3264 394 3336; x_wconf 80' lang='grc' dir='ltr'><em>άπὸ</em></span> <span class='ocrx_word' id='word_1_259' title='bbox 409 3272 559 3371; x_wconf 85' lang='grc' dir='ltr'><em>γραμμάς</em></span> <span class='ocrx_word' id='word_1_260' title='bbox 572 3266 699 3367; x_wconf 92' lang='grc' dir='ltr'><em>κινήσω</em></span> <span class='ocrx_word' id='word_1_261' title='bbox 713 3272 823 3333; x_wconf 80' lang='grc' dir='ltr'><em>λίθον.</em></span> 
     </span>
     <span class='ocr_line' id='line_1_37' title="bbox 56 3344 1047 3457; baseline 0.002 -43"><span class='ocrx_word' id='word_1_262' title='bbox 56 3350 227 3451; x_wconf 75' lang='grc' dir='ltr'><em>Διοδώρου</em></span> <span class='ocrx_word' id='word_1_263' title='bbox 242 3355 295 3439; x_wconf 89' lang='grc' dir='ltr'><em>δέ,</em></span> <span class='ocrx_word' id='word_1_264' title='bbox 315 3370 408 3457; x_wconf 83' lang='grc' dir='ltr'><em>φησι,</em></span> <span class='ocrx_word' id='word_1_265' title='bbox 424 3378 485 3419; x_wconf 87' lang='grc' dir='ltr'><em>του</em></span> <span class='ocrx_word' id='word_1_266' title='bbox 471 3354 707 3452; x_wconf 79' lang='grc' dir='ltr'><em>Μεγαρικοῦ</em></span> <span class='ocrx_word' id='word_1_267' title='bbox 712 3344 936 3454; x_wconf 81' lang='grc' dir='ltr'><em>ἐνάγοντος</em></span> <span class='ocrx_word' id='word_1_268' title='bbox 903 3375 962 3418; x_wconf 93' lang='grc' dir='ltr'><em>τον</em></span> <span class='ocrx_word' id='word_1_269' title='bbox 976 3375 1047 3417; x_wconf 91' lang='grc' dir='ltr'><em>τοι-</em></span> 
     </span>
     <span class='ocr_line' id='line_1_38' title="bbox 57 3431 1045 3542; baseline 0.003 -45"><span class='ocrx_word' id='word_1_270' title='bbox 57 3437 152 3503; x_wconf 81' lang='grc' dir='ltr'><em>οῦτον</em></span> <span class='ocrx_word' id='word_1_271' title='bbox 176 3442 278 3504; x_wconf 73' lang='grc' dir='ltr'><em>λίθον</em></span> <span class='ocrx_word' id='word_1_272' title='bbox 309 3431 395 3514; x_wconf 66' lang='grc' dir='ltr'><em>εἰς’</em></span> <span class='ocrx_word' id='word_1_273' title='bbox 380 3434 558 3523; x_wconf 87' lang='grc' dir='ltr'><em>ομοιότητα</em></span> <span class='ocrx_word' id='word_1_274' title='bbox 581 3439 638 3542; x_wconf 75' lang='lat'><em>669</em></span> <span class='ocrx_word' id='word_1_275' title='bbox 661 3439 728 3501; x_wconf 82' lang='grc' dir='ltr'><em>των</em></span> <span class='ocrx_word' id='word_1_276' title='bbox 741 3432 880 3536; x_wconf 84' lang='grc' dir='ltr'><em>άστρων</em></span> <span class='ocrx_word' id='word_1_277' title='bbox 904 3439 1045 3520; x_wconf 79' lang='grc' dir='ltr'><em>χορείαις,</em></span> 
     </span>
     <span class='ocr_line' id='line_1_39' title="bbox 55 3515 1047 3607; baseline -0.003 -21"><span class='ocrx_word' id='word_1_278' title='bbox 55 3520 216 3607; x_wconf 83' lang='grc' dir='ltr'><em>Κλέαρχος</em></span> <span class='ocrx_word' id='word_1_279' title='bbox 238 3535 307 3598; x_wconf 81' lang='grc' dir='ltr'><em>τοῖς</em></span> <span class='ocrx_word' id='word_1_280' title='bbox 334 3523 433 3589; x_wconf 88' lang='grc' dir='ltr'><em>πέντε</em></span> <span class='ocrx_word' id='word_1_281' title='bbox 447 3522 529 3607; x_wconf 82' lang='grc' dir='ltr'><em>φησὶ</em></span> <span class='ocrx_word' id='word_1_282' title='bbox 550 3521 716 3607; x_wconf 90' lang='grc' dir='ltr'><em>πλάνησιν</em></span> <span class='ocrx_word' id='word_1_283' title='bbox 731 3515 917 3605; x_wconf 82' lang='grc' dir='ltr'><em>άναλογεῑν.</em></span> <span class='ocrx_word' id='word_1_284' title='bbox 947 3519 1047 3605; x_wconf 87' lang='grc' dir='ltr'><em>Λέγει</em></span> 
     </span>
    </p>
   </div>
   <div class='ocr_carea' id='block_1_3' title="bbox 0 0 1201 3926">
    <p class='ocr_par' dir='ltr' id='par_1_12' title="bbox 0 0 1201 3926">
     <span class='ocr_line' id='line_1_40' title="bbox 0 0 1201 3926; baseline 0 0"><span class='ocrx_word' id='word_1_285' title='bbox 0 0 1201 3926; x_wconf 95' lang='lat' dir='ltr'><em> </em></span> 
     </span>
    </p>
   </div>
  </div>
 </body>
</html>
