2392 3926
252 245 525 294 ιιιιιιιιοιιιιιι
546 245 725 293 mononem
745 243 942 303 nnnromnu.
1035 231 1093 290 311

103 403 182 481 cipit.
209 399 320 460 Dicitur
334 410 428 460 antem
443 398 591 476 pulvinus,
607 399 717 459 dicatur
730 416 856 458 necesse
873 405 918 457 est
933 397 1096 475 cervicalis,

103 495 133 546 ut
148 483 319 545 cubicularis
334 483 507 544 tricliniaris.

165 567 327 644 Pugillares
345 585 380 626 an
395 565 561 646 pugillaria]
577 564 641 625 Nec
657 567 810 644 pugillaria
832 584 888 626 nec
904 565 1029 646 pugillar
1041 565 1097 625 dici

104 653 231 732 potest*
246 652 345 728 aliter,
367 654 432 730 qnia
456 651 604 728 proprium
627 666 731 710 nomen
753 660 797 711 est
812 651 893 710 huius
909 652 952 710 rei
970 649 1098 726 codices,

81 737 170 798 sinde
192 754 246 815 per
268 735 480 795 diminutionem
501 733 644 810 codicilli,
665 744 695 793 ut
717 743 785 814 puta
809 733 935 795 codicilli
957 734 1097 813 triplices.

105 821 161 899 [sic
183 819 313 880 dicuntur
337 817 478 895 codicilli,
500 816 529 876 id
553 826 598 877 est
615 819 680 896 quia
694 827 751 878 tam
767 821 849 898 parvi
865 827 929 877 sont
941 827 972 877 ιι
986 817 1098 896 pugillo

103 906 196 963 teneri
212 904 332 982 possint.
366 900 471 963 Cicero
487 918 604 980 qnoque
625 900 743 962 libellos
763 920 836 981 qnos
850 901 949 981 plures
969 903 997 960 in
1016 919 1099 961 mauu

104 987 229 1048 habebat
243 985 368 1046 vocabat
380 986 561 1065 pugillares]

164 1071 242 1130 luter
253 1070 342 1130 decus
354 1079 382 1130 et
393 1069 494 1147 decor]
507 1069 597 1128 decus
608 1078 653 1127 est
663 1068 973 1146 gloria‚decoriorma.
986 1069 1098 1130 Utrum·

20 1158 24 1168 ’
70 1167 96 1208 ¹⁰
106 1172 162 1233 que
182 1155 311 1232 genitivo
336 1171 404 1213 casu
427 1152 613 1229 discernitur,
634 1171 698 1212 nam
719 1152 796 1232 quod
817 1154 927 1213 virtutis
942 1153 1030 1213 decus
1046 1163 1098 1231 est,

106 1240 277 1317 corripimus
292 1255 309 1297 o
325 1246 354 1296 et
368 1236 487 1296 dicimus
501 1236 590 1296 decus
606 1235 733 1314 decoris,
758 1235 835 1315 quod
854 1238 975 1315 formae,
993 1237 1098 1316 produ·

107 1325 194 1382 cimus
210 1331 239 1381 et
254 1321 372 1381 dicimus
384 1320 474 1380 decor
489 1320 613 1380 decoris.

167 1408 244 1465 luter
263 1405 330 1464 milri
351 1413 380 1463 et
400 1405 456 1483 mi]
484 1413 633 1481 utrumqne
654 1419 815 1482 pronomen
830 1413 889 1482 est,
911 1404 962 1466 sed
978 1403 1098 1465 alterum

105 1490 265 1549 invocantis
287 1488 407 1548 alterum
428 1489 589 1567 poscentis;
607 1486 726 1547 dicimus
739 1489 813 1548 enim
829 1506 846 1548 o
863 1491 900 1548 mi
918 1499 1017 1568 pater,
1036 1506 1098 1549 cnm

72 1592 97 1633 ιι
106 1575 291 1648 invocamus,
315 1582 344 1631 et
360 1571 479 1633 dicimus
496 1571 531 1630 da
545 1571 626 1649 milri,
643 1588 706 1630 cum
720 1572 875 1649 poscimus.

167 1657 246 1717 Inter
265 1656 313 1715 hic
331 1659 413 1735 panis
435 1665 462 1717 et
476 1656 534 1715 lroc
550 1656 637 1734 pane]
657 1655 704 1715 lric
724 1657 820 1734 panis,
841 1658 889 1736 qni
905 1658 1019 1735 integer
1039 1665 1097 1718 est:

106 1741 163 1801 hoc
183 1759 268 1820 pane,
290 1758 353 1800 cnm
368 1741 477 1800 fractus
494 1749 554 1816 est,
569 1739 705 1814 dicimus,
723 1758 759 1798 ex
774 1759 829 1800 uno
846 1759 920 1820 pane
937 1759 1000 1801 cnm
1017 1740 1099 1821 plura

107 1826 198 1886 inusta
212 1825 368 1885 factasunt
383 1869 390 1882 .
405 1824 434 1883 hi
449 1842 539 1902 panes
554 1823 606 1883 sed
620 1823 678 1882 hoc
694 1840 777 1901 pune.

168 1908 292 1970 Plurium
304 1926 340 1968 ιι
351 1907 474 1987 plorum]
490 1909 578 1967 Aiunt
589 1905 702 1985 quidam
713 1906 823 1985 plorum
835 1908 944 1969 debere
957 1909 1022 1986 dici,
1035 1909 1101 1988 qula

72 2008 167 2052 acuon
182 1993 301 2053 dicimus
315 1992 474 2051 meliorium
490 2009 546 2052 nec
564 1990 749 2066 doctiorium,
770 1993 809 2052 ita
829 2010 885 2052 nec
908 1993 1031 2072 plurium
1052 1993 1100 2053 de·

107 2076 261 2137 benedici.
291 2074 350 2135 Sed
369 2074 417 2134 alii
441 2076 534 2150 aiunt,
559 2091 754 2173 quaecumque
770 2075 874 2154 plurali
890 2077 1057 2136 accusativo
1072 2076 1101 2136 in

108 2162 118 2219 i
134 2169 162 2220 et
189 2180 204 2220 s
218 2161 335 2219 vomunt
355 2161 406 2217 ιι
397 2178 407 2218 ι
422 2157 600 2237 producunt,
624 2159 753 2233 genitivo
769 2175 822 2236 per
838 2160 894 2219 ium
910 2158 1018 2220 debere
1033 2159 1100 2236 dici,

108 2253 249 2322 tamquam
268 2245 373 2302 montis
393 2243 460 2301 tium
481 2241 569 2301 ioutis
585 2243 669 2317 tinm,
691 2258 747 2302 uon
762 2251 887 2303 montom
904 2261 959 2303 nec
974 2243 1098 2344 fontum3

107 2329 147 2388 ita
162 2328 285 2406 plurium
299 2327 438 2402 dicimus,
453 2343 511 2386 non
526 2324 646 2404 plurum.

73 2425 99 2466 ²⁵
126 2509 153 2567 b
170 2426 300 2504 Uterque
315 2443 351 2485 an
365 2424 495 2502 utrique]
513 2433 634 2501 uterque
650 2441 688 2482 ex
705 2421 832 2500 duobus,
855 2425 968 2503 utrique
987 2442 1024 2484 ex
1039 2426 1101 2504 plu·

109 2528 133 2568 rr
156 2527 198 2567 us.

170 2605 375 2665 Huiuscemodi
390 2624 426 2665 an
441 2604 629 2682 eiuscemodi]
645 2604 821 2665 eiuscemodi
840 2605 991 2666 barbarum
1007 2613 1059 2683 est,
1072 2613 1103 2666 et

110 2698 245 2769 superest
259 2697 290 2749 ut
302 2687 500 2748 huiuscemodi
514 2688 652 2748 dicamus.

173 2785 251 2846 luter
266 2785 411 2845 librarium
426 2794 454 2844 et
473 2785 657 2862 manuarium]
678 2785 825 2845 librarium
847 2796 891 2845 est
908 2785 984 2865 quod
999 2785 1103 2845 librum

74 2887 99 2929 ac
109 2871 246 2948 sustinet,
260 2872 433 2930 mandurium
447 2879 491 2928 est
506 2869 583 2946 qnod
600 2886 682 2928 manu
697 2869 821 2945 tangitur
835 2879 883 2930 ιιι
897 2870 1060 2930 sustinetur.

171 2967 250 3027 lnter
266 2984 402 3042 promere
418 2975 446 3026 et
461 2966 607 3045 prolerre]
624 2967 779 3045 promimus
803 2985 925 3046 eaquae
947 2969 977 3027 in
989 2975 1103 3047 promtu

110 3061 189 3128 sunt,
206 3051 379 3130 proferimus
390 3049 556 3127 recondita,
572 3052 653 3130 quasi
668 3059 757 3129 pomo
771 3051 899 3110 ierimus.

172 3149 227 3210 llic
252 3150 334 3208 alvus
350 3166 385 3208 an
402 3148 476 3208 haec
495 3148 589 3227 alvus]
619 3146 724 3206 Omnes
745 3147 821 3208 hanc
844 3148 938 3207 alvum
951 3147 1101 3208 dixerunt:

109 3249 182 3311 aqua
198 3232 292 3293 alvum
310 3235 393 3292 citam
408 3232 494 3309 lacit,
510 3250 566 3291 non
582 3233 676 3291 citum.
706 3231 765 3290 Sed
776 3232 955 3311 temporibus
971 3231 1103 3292 emenda·

73 3323 155 3374 ιιιιι
175 3315 321 3394 facundia,
345 3317 384 3376 ita
401 3315 520 3376 dicimus
541 3316 590 3374 hic
612 3314 694 3374 alvus
709 3315 767 3374 hoc
787 3324 933 3395 tempore,
961 3318 1042 3395 quasi
1055 3315 1103 3375 hic

107 3408 214 3459 uterus.

172 3480 322 3543 Caerulum
342 3502 378 3544 ιι
403 3483 578 3562 caeruleum]
601 3483 746 3543 caerulum
769 3493 813 3544 est
836 3491 976 3564 tamquam
994 3499 1102 3560 aurum,
