2468 3912
449 221 552 270 DIVUS
576 221 766 272 AUGUSTUS.
1062 217 1102 279 83

99 401 194 466 pare,
221 378 363 441 libertate
384 382 475 456 atque
491 375 628 455 fortunio
642 395 702 455 per
721 377 805 440 illum
816 377 892 457 frui.
926 382 1036 457 Quare
1053 381 1101 442 ad·

1 525 2 534 ,
101 468 215 529 modum
230 461 413 538 exhilaratus,
431 461 632 540 quadragenos
647 479 750 522 aureos
766 465 916 526 comitibus
933 465 1029 526 divisit
1045 468 1101 527 ius-

1 574 3 634 3
103 571 160 634 que
179 546 324 610 iurandum
338 553 369 604 et
382 546 543 605 cautionem
557 547 658 622 exegit
672 564 688 606 a
703 548 839 626 singulis,
860 566 918 610 non
935 549 992 611 alio
1008 548 1102 611 datam

1 637 2 648 ¹
102 651 238 698 summam
264 647 348 710 quam
374 629 403 687 in
425 630 599 708 emptionem
618 628 876 692 Alexandrinarum
896 636 1033 694 mercium
1054 635 1101 695 ab·

78 723 276 799 osumpturos.
311 711 370 773 Sed
391 721 421 772 et
442 722 560 774 ceteros
583 716 732 775 continuos
747 715 809 775 dies
824 718 898 777 inter
912 720 992 778 varia
1004 735 1102 779 munn-

103 805 184 866 scula
209 811 293 879 togas
314 799 432 876 insuper
454 816 489 858 ac
513 798 608 878 pallea
630 797 786 878 distribuit,
812 800 881 879 lege
902 803 1053 882 proposita
1072 812 1103 862 ut

100 887 223 952 Romani
245 883 375 959 Graeco,
397 881 502 943 Graeci
516 884 646 944 Romano
668 883 766 943 habitu
788 892 817 944 et
839 903 973 946 sermone
988 896 1101 947 uteren-

21 1033 30 1042 ,
102 983 157 1034 tur.
194 968 345 1052 spectavit
363 967 477 1028 assidue
497 977 670 1028 exercentes
690 968 836 1047 ephebos,
866 987 985 1048 quorum
1007 971 1102 1050 aliqua

103 1057 194 1119 adhuc
207 1053 294 1134 copia
304 1069 342 1112 ex
352 1059 454 1112 vetere
466 1053 594 1112 instituto
607 1049 728 1132 Capreis
739 1061 816 1123 erat;
832 1053 923 1113 isdem
935 1055 1020 1114 etiam
1032 1072 1101 1133 epu·

5 1169 11 1182 2
64 1142 159 1202 ulum
177 1141 206 1200 in
227 1143 387 1215 conspectu
410 1153 461 1196 sno
486 1135 633 1215 praebuit,
653 1139 806 1216 permissa,
829 1138 915 1198 immo
936 1146 1040 1198 exacta
1060 1138 1101 1197 io·

103 1225 185 1286 candi
197 1223 314 1285 licentia
328 1219 537 1299 diripiendique
550 1237 699 1299 pomorum
711 1230 740 1280 et
752 1220 936 1282 obsoniorum
946 1239 1101 1300 rerumque

100 1311 118 1347 *
127 1309 255 1370 missilia.
284 1302 372 1364 Nullo
388 1303 511 1383 denique
527 1322 637 1381 genere
652 1305 804 1365 hilaritatis
820 1305 964 1366 abstinuit.

162 1393 293 1454 Vicinam
307 1386 430 1467 Capreis
446 1387 568 1448 insulam
583 1387 796 1468 Apragopolim
812 1391 997 1470 appellabat,
1019 1408 1036 1450 a
1052 1389 1100 1450 de-

13 1497 17 1504 ·
100 1477 173 1539 sidia
187 1472 382 1536 secedentium
396 1471 465 1532 illuc
481 1489 497 1531 e
512 1474 646 1532 comitatu
662 1490 725 1534 suo.
755 1474 813 1535 Sed
830 1493 868 1535 ex
879 1475 994 1536 dilectis
1004 1493 1100 1551 unum,

65 1559 259 1639 robiasgaban
274 1557 405 1636 nomine,
422 1557 504 1636 quasi
520 1557 698 1618 conditorem
714 1559 824 1622 insulae
840 1548 977 1640 κτιοοῆν
991 1576 1100 1620 vocare

100 1651 264 1716 consuerat.
300 1641 389 1702 Huius
410 1640 568 1719 Masgabae
590 1651 658 1702 ante
682 1661 785 1704 annum
813 1643 940 1705 defuncti
965 1644 1100 1705 tumulum

100 1747 164 1790 cum
188 1747 204 1788 e
224 1725 348 1787 triclinio
370 1726 619 1787 animadvertisset
634 1745 738 1805 magna
754 1727 837 1789 turba
850 1729 1004 1809 multisque
1019 1729 1098 1789 lumi·

1 1836 2 1848 ¹
98 1813 183 1874 uibus
204 1811 389 1890 frequentari,
402 1827 517 1870 versum
531 1811 721 1890 compositum
736 1830 774 1872 ex
791 1821 922 1892 tempore
938 1812 1016 1874 olere
1032 1830 1098 1893 pro·

99 1897 255 1958 nuntiavit:

1 1941 29 2015 δ
64 1997 90 2038 ro
279 1977 406 2037 Κτιστοῦ
422 1973 454 2036 db
466 1970 580 2055 τύμβον
594 1977 698 2056 εἰσορῶ
713 1972 916 2057 πυρούμενον·

100 2079 317 2141 conversusque
340 2061 377 2122 ad
398 2059 567 2136 'l'hrasylum
591 2061 689 2122 Tiberi
716 2064 866 2140 comitem,
892 2072 993 2125 contra
1013 2082 1097 2125 accu-

98 2148 213 2210 bantem
228 2156 257 2208 et
271 2149 401 2223 ignarum
414 2145 473 2222 rei,
495 2146 686 2223 interrogavit
700 2148 845 2225 cuiusnam
861 2157 967 2225 poetae
985 2156 1099 2228 putaret

7 2286 11 2292 .
100 2247 181 2303 esse;
198 2249 254 2311 quo
269 2231 444 2305 haesitante,
461 2228 583 2290 subiecit
597 2230 699 2290 alium:

108 2391 111 2395 ι
301 2305 389 2398 Ὁρᾷς
405 2306 510 2390 oniscon
526 2309 699 2394 Μοισγοὶβαν
713 2307 893 2392 τιμώμενον;

65 2417 136 2462 stac
159 2401 194 2461 de
214 2399 271 2460 hoc
292 2416 408 2479 qnoque
429 2397 580 2459 consuluit.
609 2397 679 2461 (lum
695 2399 746 2458 ille
761 2400 830 2460 nihil
845 2399 922 2462 aliud
936 2399 1094 2479 responde¹

99 2493 146 2545 ret
165 2501 258 2564 quam,
275 2483 476 2561 cuiuscumque
493 2493 591 2543 essent
607 2485 731 2562 optimos
745 2501 828 2562 esse,
852 2484 1020 2545 cachinnum
1034 2503 1094 2545 sus·

1 2605 3 2620 t
53 2641 56 2648 .
100 2568 162 2628 tulit
188 2577 272 2647 atque
298 2567 326 2626 in
352 2569 435 2627 iocos
467 2566 574 2627 ediusus
603 2576 656 2628 est.
693 2567 762 2629 blox
789 2567 943 2649 Neapolim
971 2569 1094 2644 traiecit,

100 2669 258 2732 quiunquam
273 2652 358 2711 etiam
377 2661 434 2710 tum
445 2652 562 2711 infirmis
574 2651 715 2712 intestinis
727 2653 829 2713 morbo
841 2654 985 2722 variante;
1001 2663 1094 2712 tamen

100 2744 129 2795 et
154 2734 365 2815 quinquennale
389 2744 534 2795 certamen
555 2739 717 2814 gymnicum
738 2736 843 2797 honori
868 2754 920 2797 suo
940 2738 1094 2797 institutum

63 2837 90 2878 oo
100 2820 299 2899 perspectauit
320 2827 349 2878 et
368 2837 430 2878 cum
445 2818 561 2880 Tiberio
585 2819 620 2880 ad
637 2820 807 2882 destinatum
828 2822 922 2882 locum
939 2817 1094 2881 contendit.

98 2902 158 2964 Sed
178 2905 207 2963 in
227 2902 374 2963 redeundo
392 2902 549 2980 adgravata
565 2903 739 2981 valitudine,
759 2903 874 2966 tandem
885 2904 979 2965 Nolae
994 2919 1094 2963 succa·

97 2985 159 3047 buit
175 2995 400 3066 reuocatumque
418 3006 455 3047 ex
474 2989 576 3048 itinere
590 2987 735 3048 Tiberium
756 2988 803 3049 diu
823 2998 941 3050 secreto
961 3003 1094 3048 sermone

98 3070 228 3148 detinuit,
243 3087 338 3150 neque
353 3079 420 3150 post
434 3073 485 3132 ulli
499 3074 601 3133 maiori
614 3075 734 3149 negotio
749 3074 871 3134 animum
885 3069 1093 3134 accomodavit.

162 3155 304 3235 Supremo
321 3154 367 3215 die
382 3153 537 3217 identidem
554 3158 725 3236 exquirens,
741 3177 776 3218 an
791 3159 846 3219 iam
861 3157 898 3217 de
914 3174 946 3216 se
961 3154 1134 3230 tumultusqq

61 3239 170 3303 unieris
193 3249 289 3318 esset,
309 3241 400 3319 petito
423 3241 562 3319 speculo,
584 3241 717 3320 capillum
738 3242 792 3302 sibi
808 3242 883 3302 comi
898 3240 1038 3302 aemulas
1053 3239 1093 3300 la·

96 3323 201 3385 hantes
219 3324 328 3401 corrigi
353 3328 519 3406 praecepit,
545 3335 574 3386 et
597 3325 737 3386 admissos
761 3327 869 3388 amicos
897 3333 1092 3404 percontatus,

97 3409 207 3490 ecquid
229 3408 270 3469 iis
294 3407 450 3470 videretur
470 3410 591 3472 mimum
611 3410 695 3471 citae
716 3409 871 3473 commode
891 3408 1091 3490 messapiam,

96 3491 202 3554 adiecit
218 3501 247 3553 et
261 3492 431 3555 clausulam:

847 3580 889 3641 6*
