2468 3912
449 237 555 286 uivus
577 237 768 287 nueosuos.
995 290 996 294 ,
1063 228 1099 290 81

163 395 290 454 Sumenti
312 395 426 455 virilem
448 402 548 471 togam
569 394 664 455 tunica
680 394 730 456 lati
748 396 837 476 clavi,
859 405 956 458 resuta
973 414 1011 456 ex
1027 404 1104 456 utra·

98 497 157 559 que
175 487 273 558 parte,
298 479 333 539 ad
356 479 449 558 pedes
470 477 585 538 decidit.
617 480 744 539 Fuerunt
764 483 812 561 qui
833 483 1101 562 interpretarentur,

98 580 158 624 non
180 563 257 624 aliud
274 565 456 642 significare,
478 581 562 642 quam
576 572 606 623 ut
621 566 646 624 is
662 562 735 624 ordo
753 567 832 626 cuius
847 568 961 645 insigne
979 565 1008 626 id
1023 575 1104 627 esset

99 647 273 728 quaudoque
289 651 318 709 ci
331 649 519 709 subiceretur.

76 754 88 793 u
158 732 245 812 Apud
266 733 399 794 Mundam
419 732 508 792 Divus
530 730 633 809 lulius,
658 733 761 795 castris
780 735 877 795 locum
898 736 1017 816 capiens
1039 753 1120 798 cum,

99 817 202 878 silvam
231 817 383 895 caederet,
410 817 544 879 arborem
572 817 685 898 palmae
705 830 852 898 repertam
878 821 1103 881 conservarint

2 965 7 988 =.
99 920 184 962 omen
206 903 347 964 victoriae
367 903 463 973 iussit;
487 920 524 962 ex
545 920 580 962 ea
596 903 732 962 continuo
748 913 831 964 enata
849 904 969 964 suboles
984 904 1057 965 adeo
1073 905 1102 963 in

97 987 199 1066 paucis
215 986 316 1047 diebus
330 987 474 1065 adolevit,
496 996 527 1046 ut
547 1004 604 1047 non
620 989 825 1066 aequiperaret
839 988 926 1049 modo
940 990 1102 1067 matricem,

96 1089 197 1130 verum
229 1080 259 1131 et
287 1071 443 1149 obtegeret
472 1072 765 1151 frequentareturque
792 1072 989 1134 columbarum
1014 1073 1101 1151 nidis,

61 1156 228 1234 loquamuis
250 1154 278 1215 id
300 1157 393 1216 avium
414 1175 507 1233 genus
525 1156 622 1217 duram
639 1163 668 1216 et
683 1174 818 1237 asperam
831 1156 964 1217 frondem
978 1157 1101 1217 maxime

95 1240 175 1300 vitet.
205 1238 262 1301 lllo
280 1249 309 1301 et
329 1242 489 1320 praecipue
506 1249 620 1300 ostento
637 1249 743 1301 motum
760 1238 917 1302 Caesarem
931 1242 1041 1317 lerunt,
1063 1259 1100 1301 ne

95 1341 181 1404 quem
196 1324 281 1385 alium
297 1324 352 1384 sibi
367 1324 527 1384 succedere
545 1343 629 1402 quam
645 1327 756 1385 sororis
772 1334 909 1404 nepotem
924 1325 1024 1386 vellet.

3 1435 40 1493 Γ
155 1407 189 1468 ln
212 1427 333 1470 secessu
352 1408 529 1487 Apolloniae
545 1408 713 1486 Theogenis
734 1408 927 1472 mathematici
948 1409 1100 1489 pergulam

94 1493 202 1554 comite
218 1492 350 1573 Agrippa
374 1493 560 1563 ascenderat;
585 1511 648 1552 cum
663 1494 831 1575 Agrippae,
857 1496 905 1575 qui
928 1497 1007 1574 prior
1031 1511 1100 1554 con-

57 1574 226 1654 assolebat,
243 1595 346 1655 magna
364 1587 394 1638 et
407 1596 500 1658 paene
516 1576 696 1640 incredibilia
711 1580 957 1659 praedicerentur,
972 1581 1099 1641 reticere

93 1663 160 1741 ipse
176 1661 336 1738 genituram
352 1681 430 1724 suam
445 1681 502 1724 nec
520 1663 598 1723 velle
616 1663 704 1724 edere
722 1665 948 1744 perseverabat,
969 1673 1046 1725 metu
1063 1683 1100 1725 ac

92 1744 207 1826 pudore
222 1763 259 1806 ne
276 1748 369 1808 minor
382 1749 568 1808 inveniretur.
601 1749 662 1824 Qua
679 1758 774 1810 tamen
791 1760 859 1830 post
874 1750 977 1811 multas
994 1749 1100 1810 adhor-

93 1830 220 1892 tationes
233 1831 283 1890 vix
299 1840 327 1891 et
342 1841 509 1892 cunctanter
526 1832 619 1911 edita,
635 1834 746 1893 exilivit
761 1834 937 1912 Theogenes
955 1835 1099 1896 adoravit

94 1932 151 1993 que
174 1931 247 1974 eum.
285 1914 403 1975 Tantam
422 1932 492 1976 mox
517 1916 648 1977 fiduciam
673 1918 726 1978 fati
752 1917 901 1996 Augustus
916 1917 1041 1995 habuit,
1068 1926 1099 1976 ut

2 1990 11 2036 t
54 1997 190 2058 cethema
212 2016 292 2058 suum
311 1999 476 2077 vulgaverit
496 2018 694 2079 nummumque
714 2011 883 2080 argenteum
904 2011 972 2062 uota
993 2001 1099 2063 sideris

93 2081 281 2163 Capricorni,
300 2100 357 2163 quo
372 2092 455 2144 natus
471 2093 532 2160 est,
548 2087 736 2162 percusserit.

156 2167 226 2227 Post
240 2185 342 2228 necem
359 2167 495 2229 Caesaris
509 2185 632 2228 reverso
649 2168 685 2228 ab
698 2168 856 2250 Apollonia
872 2178 902 2229 et
916 2169 1097 2248 ingrediente
1105 2179 1142 2234 95

2 2244 16 2271 *
93 2271 129 2313 eo
152 2251 268 2331 urbem,
288 2262 410 2332 repente
431 2251 539 2332 liquido
561 2270 597 2313 ac
614 2271 687 2332 puro
709 2271 815 2314 sereno
832 2253 958 2314 circulos
979 2253 1015 2313 ad
1030 2271 1096 2332 spe-
1119 2247 1121 2252 ’

95 2338 168 2398 ciem
189 2336 327 2398 caelestis
349 2356 434 2398 arcus
456 2337 558 2397 orbem
578 2337 650 2397 solis
671 2338 785 2416 ambiit,
811 2356 846 2400 ac
866 2337 987 2398 subinde
1006 2337 1096 2399 iuliae

57 2420 231 2482 etcaesaris
253 2421 329 2482 tiliae
345 2424 548 2483 monimentum
568 2420 686 2482 fulmine
709 2425 794 2483 ictum
810 2432 863 2483 est.
890 2423 984 2483 Primo
1001 2432 1095 2484 autem

2 2533 14 2557 r
94 2505 245 2566 consulatu
270 2515 298 2565 et
319 2507 466 2584 augurium
490 2507 617 2586 capienti
632 2507 782 2568 duodecim
798 2526 831 2568 se
847 2507 976 2568 vultures
990 2517 1020 2568 ut
1037 2509 1096 2568 Ro·

91 2589 168 2650 mulo
187 2589 390 2669 ostenderunt,
412 2600 441 2650 et
458 2590 614 2651 immolanti
635 2593 758 2653 omnium
772 2593 951 2654 uictimarum
965 2593 1096 2654 iocinera

90 2674 233 2754 replicata
244 2675 417 2736 intrinsecus
431 2674 468 2735 ab
479 2676 535 2735 ima
546 2674 619 2737 fibra
629 2685 796 2756 paruerunt,
811 2679 925 2739 nemine
937 2676 1096 2757 peritorum

92 2757 177 2819 aliter
192 2759 355 2820 coiectante
370 2778 453 2840 quam
468 2760 545 2821 laeta
560 2778 615 2840 per
627 2759 701 2824 baec
716 2771 744 2822 et
759 2780 863 2839 magna
877 2760 1020 2842 portendi,

3 2909 4 2912 ,
56 2865 82 2908 to
153 2842 229 2918 Quin
251 2851 281 2903 et
296 2842 440 2905 bellorum
457 2845 581 2905 omnium
597 2855 718 2906 eventus
733 2855 798 2906 aute
813 2845 986 2926 praesensit.
1019 2841 1139 2915 Con-95

2 2962 25 3033 Ι
91 2929 192 2988 tractis
206 2926 242 2988 ad
256 2926 415 2990 Bononiam
428 2930 640 2990 triumvirorum
656 2931 767 3011 copiis,
782 2930 879 3009 aquila
892 2927 1016 2989 tentorio
1033 2929 1094 2986 eius

12 3053 16 3064 ·
91 3011 288 3090 supersedens
302 3013 375 3074 duos
390 3031 497 3074 corvos
510 3012 576 3073 hinc
592 3023 621 3074 et
635 3014 701 3074 inde
716 3015 877 3075 infestantis
893 3011 997 3074 aidixit
1013 3021 1044 3073 et
1059 3009 1094 3072 ad

89 3104 198 3157 terram
212 3096 306 3167 dedit;
322 3107 440 3159 notante
456 3098 532 3160 omui
548 3100 687 3175 exercitu,
703 3098 824 3159 futuram
836 3095 1009 3178 quandoque
1020 3097 1095 3157 inter

92 3179 224 3258 collegas
241 3182 414 3244 discordiam
429 3183 516 3243 talem
532 3182 625 3262 qualis
641 3191 742 3242 secuta
756 3191 817 3260 est,
838 3192 867 3243 et
886 3182 992 3242 exitum
1010 3199 1094 3261 prae-

56 3281 82 3324 ss
92 3267 234 3342 rugiente.
257 3267 399 3346 Philippis
414 3265 574 3328 Thessalos
590 3266 703 3346 quidam
718 3266 754 3327 de
769 3267 863 3328 futura
879 3266 1001 3327 uictoria
1024 3284 1093 3326 nun·

91 3349 171 3409 tiarit
191 3360 312 3412 auctore
327 3351 402 3413 Divo
418 3349 565 3430 Caesare,
587 3353 667 3412 cuius
688 3350 743 3411 sibi
764 3353 882 3431 species
903 3350 1006 3411 itinere
1027 3349 1094 3412 ario

2 3431 37 3509 *s
91 3435 277 3496 occurrisset.

154 3515 241 3581 Circa
256 3519 420 3599 Perusiam,
445 3522 589 3583 sacrificio
606 3539 665 3583 uon
679 3520 770 3582 litanti
790 3541 853 3584 cum
869 3523 971 3602 augeri
982 3520 1094 3582 hostias

98 3623 252 3664 sumemus.
868 3608 888 3668 6
