2468 3912
437 279 541 328 orvus
561 281 750 331 nucusnuu.
1064 273 1105 335 53

100 435 300 514 superposuit,
329 433 495 496 translatam
520 453 537 495 e
563 437 657 513 ouria,
686 438 714 496 in
742 455 797 517 qua
823 435 855 497 0.
882 435 992 498 Caesar
1010 437 1105 501 iuerat

102 536 228 581 occasus.

159 602 302 682 Pleraque
330 603 448 683 pessimi
475 603 602 682 exempli
638 607 666 663 in
693 606 850 684 perniciem
883 604 1028 685 publicam
1058 616 1146 672 auten

99 705 138 747 ex
169 687 376 748 consuetudine
405 686 579 766 licentiaque
612 687 754 749 bellorum
782 689 907 750 civilium
931 690 1104 752 duraverant

74 778 149 832 taut
163 789 217 851 per
236 789 339 852 pacem
364 772 449 831 etiam
469 774 637 842 extiterant;
670 791 735 833 uam
757 782 785 833 et
804 783 1021 852 grassaetorum
1041 775 1103 855 plu-

98 856 162 916 rimi
189 854 283 934 palam
310 874 343 916 se
368 855 501 917 ferebant
529 857 669 916 succincti
696 858 793 935 ferro,
827 859 908 936 quasi
937 860 1034 921 tuendi
1060 861 1103 921 sui

100 957 202 1017 causa,
233 949 262 1001 et
291 941 367 1021 rapti
388 959 443 1021 per
465 958 553 1018 agros
574 943 703 1002 viatores
729 943 793 1002 sine
825 942 988 1004 discrimine
1017 943 1104 1005 liberi

100 1025 236 1104 servique
249 1024 404 1103 ergastulis
421 1041 625 1105 possessorum
641 1026 906 1106 supprimebantur,
921 1036 949 1087 et
963 1028 1103 1107 plurimae

99 1109 242 1170 factiones
256 1109 339 1170 titulo
356 1108 465 1187 collegi
485 1111 554 1170 novi
576 1111 612 1170 ad
627 1110 732 1170 nullius
748 1128 804 1170 nou
819 1111 959 1171 facinoris
977 1114 1102 1174 societa-

63 1210 89 1251 ιο
101 1201 158 1254 tem
175 1193 300 1254 coibant.
322 1192 414 1271 Igitur
429 1203 610 1271 grassaturas
626 1195 776 1274 dispositis
789 1204 1017 1275 peropportuna
1034 1194 1102 1257 loca

98 1277 268 1339 stationibus
287 1277 422 1356 inhibuit,
450 1279 597 1355 ergastula
616 1279 806 1357 recognovit,
829 1279 956 1357 collegia
985 1288 1102 1358 praeter

5 1391 9 1401 x
98 1363 212 1443 antiqua
228 1370 258 1422 et
271 1361 402 1440 legitima
417 1361 559 1422 dissolvit.
593 1363 718 1424 Tabulas
734 1373 862 1424 veterum
879 1364 974 1424 aerari
989 1362 1100 1424 debito-

96 1464 174 1523 rum,
188 1445 237 1506 vel
252 1447 437 1526 praecipuam
453 1445 640 1508 calumniandi
654 1450 818 1525 materiam,
840 1448 964 1518 exussit;
987 1447 1055 1508 loca
1072 1450 1101 1508 iu

95 1529 169 1591 urbe
191 1528 309 1609 publica
330 1530 399 1590 iuris
420 1529 561 1608 ambigui,
587 1533 808 1611 possessoribus
828 1532 1014 1600 adiudieavit;
1040 1531 1100 1592 diu-

60 1623 245 1676 aeturuorum
258 1630 374 1675 reorum
389 1624 469 1676 etex
484 1633 603 1694 quorum
618 1616 750 1678 sordibus
766 1618 836 1678 nihil
857 1617 934 1677 aliud
951 1635 1034 1696 quam
1048 1634 1099 1677 vo·

95 1697 192 1777 luptas
207 1698 330 1759 inimicis
343 1709 533 1779 quaereretur
549 1703 662 1761 nomina
680 1701 822 1781 abolevit,
841 1702 1013 1762 condicione
1031 1718 1098 1781 pro·

95 1782 202 1863 posita,
222 1791 252 1841 ut
267 1782 291 1841 si
306 1801 390 1863 quem
404 1785 467 1864 quis
484 1795 619 1865 repetere
632 1786 730 1866 vellet,
749 1805 800 1866 par
813 1786 972 1867 periculum
985 1803 1099 1867 poenae

96 1866 217 1928 subiret.
252 1865 299 1926 Ne
320 1868 397 1946 quod
417 1877 511 1928 autom
533 1871 704 1931 maleficium
729 1875 913 1949 negotiumve
940 1871 1099 1949 inpunitate

95 1949 145 2012 vel
159 1967 240 2011 mora
254 1948 433 2029 elaberetur,
460 1953 575 2030 triginta
591 1955 711 2034 amplius
727 1953 804 2030 dies,
826 1957 874 2034 qui
888 1954 1041 2016 honoraris
1056 1953 1098 2013 lu-

59 2053 86 2094 ro
96 2033 141 2096 dis
161 2034 394 2115 occupabantur,
410 2037 485 2096 actui
500 2054 595 2096 rerum
614 2038 849 2099 accommodavit.
882 2037 929 2098 Ad
954 2039 1006 2097 tris
1028 2036 1097 2096 iudi-

95 2137 160 2180 cum
180 2118 312 2180 decnrias
334 2128 463 2199 quartam
483 2119 590 2181 addidit
609 2140 647 2181 ex
666 2122 804 2182 inferiore
827 2139 931 2199 ceusu,
953 2139 1026 2200 quae
1049 2119 1098 2180 du·

96 2204 277 2264 cenariorum
306 2212 462 2265 vocaretur
488 2204 685 2286 iudicaretque
713 2205 749 2266 de
780 2205 940 2267 levioribus
971 2205 1096 2265 summis.

93 2287 209 2348 ludices
225 2289 413 2350 avicensimo
428 2289 531 2350 aetatis
553 2307 627 2350 auno
642 2289 765 2368 adlegit,
792 2289 820 2350 id
844 2298 888 2350 est
904 2289 1097 2369 quinquennio

95 2374 230 2434 maturius
252 2390 335 2452 quam
355 2372 499 2434 solebant.
535 2374 581 2435 Ac
602 2374 751 2454 plerisque
772 2373 913 2435 iudicandi
933 2392 1033 2434 munus
1048 2373 1096 2433 de·

58 2455 301 2536 retractantibus,
320 2458 370 2517 vix
385 2458 533 2519 concessit
552 2467 583 2518 ut
597 2460 719 2537 siugulis
735 2458 859 2520 decuriis
880 2459 1030 2539 pervices
1046 2476 1094 2518 an-

94 2558 150 2601 nua
169 2541 283 2602 vacatio
305 2550 398 2620 esset,
420 2550 449 2603 et
469 2552 500 2602 ut
521 2542 625 2603 solitae
647 2545 693 2621 agi
708 2542 868 2604 Novembri
891 2562 926 2605 ao
939 2542 1095 2604 Decembri

93 2641 194 2684 mense
208 2643 258 2685 res
273 2626 481 2686 omitterentur.
516 2625 585 2706 lpse
606 2628 649 2687 ius
670 2628 740 2688 dixit
754 2628 869 2689 assidue
892 2637 921 2689 et
935 2629 963 2688 iu
979 2635 1093 2688 noctem
1104 2633 1139 2687 33

93 2725 318 2789 nonnumquam,
333 2711 472 2791 siparum
488 2728 615 2792 corpore
631 2714 758 2789 valeret,
774 2712 879 2774 lectica
892 2731 946 2794 pro
963 2708 1096 2772 tribunali

94 2791 239 2854 collocata
264 2793 312 2855 vel
335 2794 420 2855 etiam
442 2795 516 2856 domi
538 2796 655 2857 cubans.
692 2796 772 2857 Dixit
792 2806 886 2858 autem
904 2798 947 2856 ius
961 2814 1018 2856 uon
1033 2792 1095 2854 dili·

2 2944 5 2954 ·
57 2889 84 2930 ao
95 2876 196 2954 geutia
211 2877 297 2939 modo
312 2897 418 2940 summa
439 2879 491 2940 sed
513 2888 543 2940 et
557 2880 693 2957 lenitate,
716 2882 854 2960 siquidem
870 2881 1012 2941 manifesti
1030 2895 1096 2957 par-

91 2959 185 3021 ricidii
200 2980 295 3041 reum,
317 2982 354 3024 ne
370 2963 464 3024 culleo
482 2967 658 3042 insueretur,
683 2965 759 3044 qnod
774 2966 887 3026 nonnisi
904 2963 1031 3024 confessi
1047 2961 1095 3021 ad·

92 3045 226 3106 ficiuntur
247 3046 303 3108 bac
329 3065 438 3127 poena,
460 3049 499 3110 ita
518 3049 611 3109 fertur
629 3051 845 3127 interrogasse:
872 3054 954 3110 carte
973 3052 1095 3126 patrem

91 3133 175 3190 tuom
195 3148 257 3193 ooo
278 3131 442 3194 occidisti?
473 3134 512 3194 Et
537 3151 600 3194 oum
621 3133 748 3194 de'ialso
769 3141 941 3195 testamento
958 3139 1095 3210 ageretur

92 3230 252 3294 omnesque
271 3217 437 3295 signatores
459 3217 529 3296 lege
551 3215 687 3279 cornelia
707 3226 890 3295 tenerentur,
915 3234 972 3276 uon
989 3224 1095 3277 tantum

55 3307 81 3349 ³⁶
92 3296 163 3358 duas
185 3297 328 3377 tabellas,
354 3301 559 3363 damnatoriam
580 3311 609 3364 et
633 3302 853 3380 absolutoriam,
878 3302 960 3362 simul
983 3318 1094 3380 cogno·

4 3423 6 3432 ,
91 3382 241 3444 scentibus
262 3383 358 3463 dedit,
379 3385 431 3446 scd
454 3388 566 3447 tertiam
586 3403 719 3467 quoque,
746 3405 800 3466 qua
824 3387 1027 3466 ignosceretur
1047 3387 1093 3463 iis,

91 3483 165 3546 quos
185 3467 286 3530 fraude
305 3469 340 3531 ad
360 3470 528 3548 signandum
549 3471 597 3532 vel
625 3487 725 3533 errore
752 3471 884 3532 inductos
907 3471 1093 3534 constitisset.

87 3548 315 3632 appellationes
328 3564 398 3635 quot
413 3557 494 3617 annis
507 3554 679 3619 urbanorum
692 3557 804 3639 quidem
820 3557 995 3637 litigatorum
1010 3571 1093 3636 prae-
