2434 3908
480 260 687 310 PRAEFATIO.
911 262 1026 312 XXXIII

128 423 232 482 Galbae
256 420 390 492 Othonis,
416 420 639 477 narratiunculae
667 421 800 492 quaedam
824 419 960 476 diotorum
980 419 1027 478 vel

127 510 263 576 laetorum
277 504 503 562 memorabilium.
547 503 690 560 Postremo
706 503 842 560 adduntur
857 504 892 559 de
907 503 1026 562 Traiano

13 627 15 632 ·
127 599 157 649 et
177 591 291 648 loriano
311 588 393 661 pauei
411 586 544 645 versieuli
565 603 601 642 ex
620 582 764 663 Orosio²²)
782 586 926 659 descripti.
971 588 1028 646 Go-

126 675 192 734 dioe
220 671 389 730 Suetoniauo
414 687 481 728 naue
501 677 545 728 est
570 670 663 742 isqui
688 673 742 727 hoo
762 670 930 742 florilegium
951 687 1027 730 oom-

126 757 227 833 pilavit
253 755 462 828 antiquissimo,
483 755 529 827 qui
552 755 714 827 plerumque
735 771 796 810 eum
816 755 978 812 Ilemmiarro
1000 760 1042 812 et-

126 841 277 900 virtutihos
294 846 322 896 et
337 837 414 896 vitiis
436 838 629 912 oouapirabat,
649 854 743 894 varum
763 853 963 910 nonnumquam
984 839 1026 896 in-

125 925 238 996 tegrior
263 924 313 980 illo
340 922 427 978 inisse
457 922 574 979 videtur.
621 922 669 978 Sia
689 923 763 994 quod
791 922 894 994 legitur
921 923 949 978 iu
976 925 1029 980 hae

126 1006 250 1082 epitoma
266 1007 374 1078 turpius
388 1020 476 1077 pereo
494 1022 547 1078 pro
569 1007 688 1076 turpiter
701 1023 728 1078 p.
743 1012 808 1076 195,
823 1011 874 1076 38,
890 1006 919 1062 id
936 1005 1028 1063 oodioi

125 1091 246 1148 noudum
268 1091 402 1147 laeuuoso
425 1089 557 1155 debetur;
583 1090 704 1147 fortasse
724 1089 807 1145 etiam
830 1091 961 1146 omissum
975 1106 1027 1162 quo

127 1192 156 1250 p.
172 1180 222 1245 71,
240 1181 274 1235 18
287 1173 408 1230 noudum
422 1172 600 1245 interpolato.
615 1172 753 1229 -Alter
768 1175 859 1230 eodex
876 1173 1027 1244 Parisinus,

127 1255 344 1314 ‘Nolra-Dame
374 1257 441 1316 188³
472 1257 622 1330 inscriptus
653 1263 681 1313 et
709 1274 725 1313 a
752 1258 845 1312 multis
875 1258 1028 1330 inapeotue,

127 1357 205 1401 eaeo.
229 1341 292 1398 lllll
316 1340 491 1412 conscriptus
514 1348 557 1397 est
584 1343 785 1413 multorumque
806 1345 860 1397 lam
885 1347 1030 1413 poetarum

127 1441 210 1500 qoam
232 1431 372 1482 oratorum
396 1423 552 1480 latinorum
575 1426 658 1481 modo
679 1423 808 1480 contiuua
832 1423 924 1496 eapila
947 1423 1029 1481 modo

127 1510 279 1582 dooerptos
294 1508 428 1564 lloeouloe
449 1508 582 1564 eontinet.
626 1507 668 1564 ho
682 1508 853 1565 Suetouiaua
869 1506 1030 1580 compilatio

128 1593 215 1650 multo
237 1591 353 1650 ulterior
378 1591 488 1664 quidem
515 1599 559 1648 est
583 1592 746 1666 superiora,
770 1593 821 1650 sed
845 1593 917 1649 haud
941 1606 1030 1664 aeque

128 1677 275 1748 eleganter
296 1671 386 1746 laeta,
410 1690 472 1731 euru
494 1693 566 1732 nuno
587 1676 663 1749 pleni
682 1675 769 1732 instar
790 1674 946 1750 apographi
965 1690 1031 1732 esee

127 1760 237 1835 poerit,
252 1775 323 1815 nuno
338 1758 481 1815 multarum
495 1761 673 1832 paginarum,
695 1765 724 1815 ut
739 1778 766 1832 p.
782 1767 890 1826 3-183
905 1764 1030 1837 38—463

128 1847 439 1908 78-973118-1243
465 1851 626 1909 155-162;
652 1848 795 1904 167-—173
816 1844 890 1900 nullu
914 1850 961 1900 aut
984 1842 1032 1900 vix

129 1925 227 1983 tenuia
248 1926 380 1996 quaedam
405 1924 525 1996 vestigia
548 1928 704 2000 reliquerit.
747 1926 882 1983 Adhibuit
910 1927 1032 1999 seriplor

128 2007 256 2066 eodioem
274 2009 301 2064 iu
315 2008 365 2064 Xll
382 2009 469 2065 libros
483 2011 658 2068 dIstributum
673 2017 700 2067 et
715 2009 832 2067 Madioei
848 2011 929 2082 primi
944 2009 1033 2066 simil-

128 2092 240 2163 limam,
260 2099 289 2149 ut
310 2094 380 2148 haee
396 2095 523 2167 exempla
541 2096 745 2152 demonstrant:
765 2111 793 2165 p.
807 2091 839 2163 5',
852 2098 896 2153 27.
911 2100 946 2153 28
964 2109 1030 2148 oon·

126 2178 281 2234 &taverunt
293 2182 322 2232 at
339 2177 482 2246 potiundi:
501 2185 546 2248 30,
562 2187 596 2236 10
609 2178 776 2237 mirabilemr
797 2180 841 2246 to,
855 2183 889 2237 35
903 2178 1030 2248 eloquen-

127 2262 200 2323 tiae:
219 2267 279 2330 195,
294 2264 329 2319 26
344 2275 437 2314 corum
452 2275 490 2316 ee.
534 2261 606 2317 lllud
622 2275 732 2332 quoque
747 2274 802 2316 nou
818 2259 960 2330 iudignum
973 2274 1031 2316 me·

127 2341 218 2402 moria
233 2345 322 2412 duoo,
344 2343 416 2399 haee
436 2349 553 2416 utraque
574 2350 706 2416 exeerpta
730 2357 783 2417 pro
804 2342 915 2414 iutegro
930 2341 1031 2400 Sueto-

128 2421 220 2496 uio¹⁸)
235 2427 269 2483 ad
290 2442 386 2482 manua
407 2428 593 2500 eeriptorihus
609 2428 716 2484 duobus
737 2424 846 2485 madiae
863 2424 962 2484 aetalia
980 2442 1030 2499 φι-

198 2630 246 2695 22)
263 2632 366 2683 Praeter
380 2630 528 2683 Suetonium
543 2638 567 2680 et
583 2629 698 2681 Oroeium
716 2645 767 2680 nou
783 2631 858 2683 video
877 2647 923 2683 eur
943 2632 1031 2700 plures

126 2699 209 2754 libros
225 2701 247 2752 ie
261 2701 369 2767 eeriptor
384 2697 530 2750 adhibuisse
544 2700 655 2762 dicatur,
674 2714 757 2763 neque
775 2701 826 2766 nlla
841 2708 880 2752 eat
894 2716 971 2752 oenoe
986 2716 1032 2752 our

127 2767 246 2821 Suetonii
262 2770 406 2837 exemplum
423 2777 520 2819 elnonae
535 2769 559 2818 ei
573 2768 605 2817 ed
619 2782 722 2818 manum
746 2767 827 2819 iuiaee
840 2769 908 2821 miro
922 2769 1031 2835 quodem

127 2836 206 2890 modo
222 2839 416 2903 concinnatum,
433 2851 484 2902 quo
500 2846 524 2888 et
540 2837 597 2904 ipso
612 2835 717 2887 Orosius
732 2852 796 2887 uena
811 2838 853 2890 ale.
890 2837 1030 2900 Quaecum-

125 2919 180 2972 qne
194 2921 209 2956 a
223 2906 368 2972 Tranquillo
381 2907 465 2957 aliena
478 2914 550 2966 aunt,
572 2905 660 2956 Oresio
674 2905 805 2956 debemur.
840 2905 976 2957 Maximum
997 2906 1031 2959 ell

127 2991 153 3043 p.
170 2973 234 3037 183,
248 2977 281 3026 27
298 2974 393 3026 relidere
409 2976 496 3026 aurem
514 2989 577 3040 meae
591 2974 693 3037 sambae
705 2979 842 3037 purpureis
858 2978 898 3026 uel
909 2977 1031 3027 eooelneie

126 3043 339 3104 extrudebantur,
358 3044 402 3096 ubi
414 3043 537 3096 Oroeiana
555 3043 650 3094 retitur
662 3046 748 3093 aureis
759 3059 824 3108 quae
839 3047 974 3107 purpureis
987 3043 1031 3107 su·

125 3111 201 3164 alban
213 3113 413 3164 extrahebantur
426 3112 569 3162 neeeaaario
586 3112 761 3162 eubetituenda
781 3111 898 3174 luerunt,
916 3112 984 3176 quod
1003 3113 1031 3163 lu

126 3179 285 3233 &momiano
306 3182 423 3248 exemplo
440 3190 556 3248 corrupte
572 3189 641 3232 uerte
660 3188 750 3230 aurato
768 3181 889 3248 seriptum
905 3181 1030 3235 exatebm.

126 3247 173 3302 Sle
196 3251 264 3302 euim
285 3251 460 3301 Memmianua.
497 3251 559 3300 Item
578 3264 605 3316 p.
625 3249 674 3310 22,
698 3248 884 3301 dvenioulum
903 3249 1031 3318 lnteqrrun

126 3320 232 3388 moeret
245 3335 303 3371 eum
317 3319 476 3370 blemmlano.

199 3389 245 3454 23)
269 3388 387 3441 Ceterum
409 3401 460 3438 non
480 3401 547 3454 nego
564 3385 653 3438 Oresio
676 3401 777 3452 quoque
793 3393 896 3437 auotom
911 3385 1030 3438 Sureabe·

127 3457 239 3510 neuun
261 3457 376 3510 Suetonii
398 3457 475 3507 verba
499 3456 589 3507 afferre
607 3464 635 3506 ut
656 3455 688 3517 8,
711 3456 744 3508 18
762 3463 787 3505 et
804 3453 844 3505 19.
880 3455 963 3506 Semel
985 3468 1043 3505 nef

129 3539 180 3592 que
204 3528 260 3579 aina
280 3527 397 3578 mallone
421 3539 517 3592 perae
544 3526 689 3576 nomiuatim
714 3523 850 3590 appellavit
875 3523 1031 3583 Suetonlnnl,

100 3613 310 3669 ,maroe
824 3613 839 3647 e
