2450 3910
131 199 188 262 188
217 213 247 263 c.
264 213 413 262 snuuoru
433 213 559 272 unane.
577 214 623 260 nn
639 213 720 260 vura
737 212 919 260 consanum
934 214 1001 260 nnn.
1015 213 1052 260 v1

800 309 927 362 Taed‘dc‘

130 372 291 447 iturumque
317 369 412 446 potius
435 386 518 446 quam
538 369 698 427 nociturum
717 370 753 430 ei.
789 367 881 426 Burro
902 309 1052 444 prbeiecto
1074 385 1119 426 re·
1184 361 1206 432 ft

129 453 252 512 medium
267 451 304 512 ad
323 451 424 511 fauces
445 450 607 530 pollicitus,
630 453 757 510 toxicum
779 450 864 510 misit.
897 449 1030 510 libertos
1051 449 1120 510 divi·
1205 433 1206 458 ¹

130 547 175 598 tes
190 545 219 595 et
237 553 339 612 senes,
355 536 421 594 olim
434 533 600 614 adoptionis
615 552 684 594 mox
698 534 897 595 dominationis
912 553 980 594 suae
995 534 1138 616 lautores!

131 630 216 698 atque
231 627 375 696 rectores,
397 636 527 696 veneno,
553 621 654 698 partim
680 618 751 679 cibis
773 619 874 697 partim
896 619 1060 698 potionibus
1081 618 1120 677 in·

132 703 207 780 dito,
222 704 383 782 intercepit.
784 705 788 712 '
1128 715 1139 754 ⁵

90 801 123 858 36
192 787 256 848 Nec
277 789 388 846 minore
410 787 530 848 saevitia
549 786 620 846 ioris
642 795 670 846 et
697 787 725 846 in
751 795 869 846 exteros
894 794 1042 864 grassatus
1067 794 1120 846 est.

19 919 42 956 μ,
61 857 223 932 ¹’idiistella
239 873 356 948 crinita,
379 889 452 950 quae
476 873 590 930 summis
611 869 801 949 potestatibus
817 871 933 930 exitium
948 868 1120 950 portendere
1205 937 1206 946 χ

132 955 220 1034 vulgo
237 965 365 1034 putatur,
389 974 442 1035 per
465 957 612 1014 continuas
628 964 729 1015 noctes
745 956 814 1015 oriri
830 962 980 1033 coeperat.
1010 951 1121 1013 Anxius

133 1059 167 1101 ea
188 1058 238 1116 re,
261 1049 291 1099 ut
313 1057 351 1098 ex
372 1038 494 1100 Balbillo
519 1037 672 1116 astrologo
693 1038 806 1114 didicit,
829 1038 927 1098 solere
947 1055 1036 1115 reges
1055 1036 1121 1095 talia
1205 1097 1206 1100 ,

132 1131 245 1185 ostenta
260 1123 349 1184 caede
365 1123 458 1202 aliqua
477 1122 581 1183 illustri
602 1123 722 1202 expiare
741 1131 826 1200 atque
844 1141 860 1183 a
878 1131 969 1182 semet
984 1123 1011 1180 in
1028 1120 1122 1198 capita
1131 1131 1156 1172 1⁰

134 1225 288 1288 procerum
308 1207 475 1285 depellere,
502 1206 681 1267 nobilissimo
703 1208 807 1284 cuique
821 1206 936 1265 exitium
955 1204 1120 1271 destinavit;
1205 1201 1206 1252 l

135 1293 282 1352 enimvero
305 1291 394 1351 multo
419 1292 512 1368 magis
534 1300 563 1350 et
583 1292 665 1368 quasi
686 1308 740 1369 per
762 1291 863 1350 iustam
884 1307 998 1349 causam
1014 1285 1123 1346 duabus
1205 1279 1206 1292 ¹

134 1375 378 1436 coniurationibus
405 1375 602 1453 provulgatis,
630 1391 748 1454 quarum
772 1375 852 1454 prior
874 1375 1023 1451 maiorque
1043 1371 1122 1431 Piso-

1205 1465 1206 1494 l

133 1543 247 1602 detecta
261 1551 316 1602 est.
348 1540 494 1602 coniurati
508 1560 524 1600 e
541 1542 663 1602 vinculis
672 1542 828 1621 triplicium
844 1550 1005 1602 catenarum
1020 1539 1120 1598 dixere
1133 1555 1159 1596 rt

134 1644 263 1702 causam,
285 1643 347 1684 cum
365 1624 477 1703 quidam
493 1625 567 1686 ultro
584 1627 690 1685 crimen
705 1627 878 1702 faterentur,
893 1624 1021 1686 nonnulli
1037 1623 1122 1682 etiam
1205 1645 1206 1704 }

133 1713 313 1788 imputarent,
332 1719 474 1786 tamquam
489 1709 579 1770 aliter
594 1709 641 1770 illi
653 1727 714 1770 aaa
731 1715 858 1788 possent
870 1710 931 1770 nisi
944 1713 1041 1769 morte
1055 1724 1121 1766 roe-
1205 1729 1206 1782 ς

134 1809 260 1856 currere
280 1791 466 1854 dedecorato
488 1791 618 1873 flagitiis
639 1793 787 1854 omnibus.
819 1793 1020 1854 Damnatorum
1038 1788 1122 1850 liberi

134 1876 205 1936 urbe
226 1877 302 1956 pulsi
328 1879 480 1958 enectique
503 1896 615 1939 veneno
637 1886 684 1938 aut
709 1878 798 1947 lame;
826 1886 954 1953 constat,
984 1872 1122 1954 quosdam
1203 1875 1206 1952 i

134 1979 197 2020 oum
212 1960 391 2040 paedagogis
405 1970 434 2022 et
448 1963 577 2040 capsaris
589 1980 645 2023 uuo
657 1961 776 2041 prandio
789 1962 897 2041 pariter
907 1969 1035 2035 necator,
1047 1953 1122 2017 alios
1131 1973 1159 2014 aa
1205 1975 1206 2056 p

135 2043 262 2106 diurnum
279 2047 383 2106 victum
398 2045 561 2126 prohibitos
575 2051 726 2127 quaereas.
1205 2061 1206 2116 l

92 2138 124 2193 37
195 2129 298 2190 Nullus
320 2129 443 2209 posthac
463 2129 605 2190 adhibitus
628 2129 750 2189 dilectus
765 2139 812 2189 aut
827 2129 927 2188 modus
944 2122 1123 2187 interimendi
1205 2125 1206 2182 ἒ

135 2232 332 2293 quoscumque
351 2213 482 2274 libuisset
505 2232 684 2293 quacumque
702 2212 737 2273 de
753 2232 848 2274 causa.
878 2211 936 2272 Sed
953 2229 989 2270 ue
1005 2209 1040 2268 de
1061 2207 1123 2286 plu·
1205 2189 1206 2272 l

134 2299 213 2358 ribus
228 2298 369 2374 referam,
386 2298 551 2358 Saluidieno
569 2298 659 2358 Orfito
676 2297 820 2357 obiectum
837 2305 881 2357 est
896 2295 973 2374 quod
988 2292 1124 2353 tabernas
1205 2363 1206 2370 ἵ

133 2392 194 2441 tres
210 2381 246 2440 de
263 2380 347 2441 domo
364 2400 414 2441 sua
432 2385 509 2442 circa
524 2383 618 2442 iorum
634 2380 797 2442 civitatibus
814 2380 850 2440 ad
865 2382 1016 2440 stationem
1030 2377 1124 2437 locas·
1136 2401 1166 2441 as
1205 2403 1206 2428 r

136 2473 188 2541 set,
207 2462 309 2525 Cassio
325 2464 457 2542 Longino
472 2468 540 2525 iuris
557 2465 688 2527 consulto
700 2458 903 2524 'columinibus
919 2461 1032 2537 orbato,
1048 2457 1128 2537 quod

134 2551 162 2610 in
174 2557 275 2607 vetere
287 2548 388 2624 gentili
405 2559 553 2609 stemmate
566 2548 599 2610 G.
616 2546 701 2610 Cassi
712 2549 895 2628 percussoris
912 2546 1046 2608 Caesaris
1058 2544 1126 2604 ima·
1205 2549 1206 2560 *

30 2694 35 2705 ,
77 2683 80 2690 .
102 2634 218 2711 ‘'giues
237 2633 415 2710 retinuisset,
440 2632 529 2694 Paeto
546 2634 693 2694 Thraseae
714 2634 823 2694 tristior
841 2642 869 2692 et
885 2630 1049 2711 paedagogi
1065 2625 1128 2686 vul·

108 2727 189 2778 „tue
222 2715 296 2777 llari
311 2718 395 2775 iussis
410 2735 467 2776 non
482 2718 602 2796 amplius
622 2735 706 2796 quam
715 2717 860 2817 ,horarum
881 2717 1003 2797 spatium
1025 2711 1127 2779 dabat;

134 2820 170 2862 ac
185 2819 222 2860 ne
240 2799 307 2879 quid
322 2818 421 2861 morae
438 2803 638 2880 interveniret,
659 2799 789 2864 medicos
809 2800 980 2862 admouebat
997 2797 1046 2878 qui
1060 2813 1168 2856 cun-eo

136 2893 245 2946 ctantes
267 2886 401 2944 continuo
424 2895 556 2945 curarent
577 2887 630 2966 (ita
646 2887 720 2946 eninr
741 2886 900 2946 vocabatur
918 2901 1008 2944 venas
1027 2879 1130 2939 mortis

135 2971 226 3046 gratia
242 2967 399 3046 incidere).
429 2967 562 3029 Creditur
584 2971 668 3030 etiam
685 2968 853 3049 polyphago
872 2967 982 3029 cuidam
997 2963 1131 3042 Aegypti

134 3053 269 3130 generis,
298 3051 414 3113 crudam
439 3071 554 3113 carnem
579 3063 607 3112 et
630 3052 767 3133 quidquid
789 3051 903 3113 daretur
923 3049 1059 3126 mandere
1082 3065 1130 3105 as-

87 3137 92 3142 “
135 3145 232 3212 sueto,
257 3138 430 3216 concupisse
454 3139 538 3196 vivos
559 3138 688 3197 homines
712 3136 860 3196 laniandos
875 3132 1130 3210 absumendosque
1205 3155 1206 3174 κ

90 3216 263 3300 „obicere
296 3219 397 3280 Elatus
418 3220 588 3299 inlatusque
607 3222 693 3282 tantis
713 3221 793 3280 velut
814 3220 1016 3293 successibus,
1036 3233 1128 3292 nega·
1140 3230 1166 3272 au

134 3299 175 3357 vit
193 3318 371 3382 quanquam
384 3304 560 3383 principum
580 3304 677 3364 aeteae
697 3304 771 3384 qaid
789 3304 852 3368 sibi
869 3305 989 3380 liceret,
1010 3299 1129 3360 multas·

135 3399 192 3460 que
210 3399 264 3443 nec
280 3383 379 3446 dubias
399 3389 625 3464 significationes
646 3406 736 3470 saepe
757 3390 841 3466 iecit,
864 3407 900 3448 ue
922 3388 1044 3464 reliquis
1064 3381 1128 3461 qui·
1205 3443 1206 3448 ,

135 3463 199 3524 deun
216 3481 249 3522 sc
270 3483 419 3544 parsurum
440 3469 636 3549 senatoribus,
657 3491 779 3554 eamque
800 3472 928 3532 ordinem
951 3469 1130 3531 sublaturum
1205 3473 1206 3486 ¹
