2450 3910
487 220 715 268 nourrrauus.
1042 210 1102 271 253

104 375 319 455 exemplaribus
331 374 456 454 undique
468 376 580 453 petitis,
598 375 750 454 missisque
764 375 976 436 Alexandream
990 377 1037 456 qui
1054 378 1103 437 de·

104 461 267 522 scriberent
280 460 531 537 emendarentque.
556 459 714 538 Numquam
727 469 821 520 tamen
834 470 881 520 aut
891 461 1028 520 historiae
1042 481 1102 522 car·
1117 459 1121 467 “

103 546 265 606 minibusve
285 544 439 604 noscendis
459 561 577 622 operam
596 544 680 604 ullam
705 553 751 604 aut
769 545 835 604 stilo
861 545 909 604 vel
932 549 1101 606 necessario

105 629 193 690 dedit.
232 629 352 690 Praeter
372 630 593 688 commentarios
616 637 644 687 et
667 637 731 688 acta
754 628 852 688 l'iberi
876 627 1011 690 Caesaris
1033 630 1101 690 nibil

80 713 268 786 clectitabat;
286 713 425 793 epistolas
437 716 641 792 orationesque
654 722 682 772 et
693 712 788 773 edicta
800 713 894 773 alieno
907 714 1051 775 formabat
1063 718 1102 774 in·

104 800 203 877 genio,
227 799 376 858 Sermonis
388 807 482 858 tamen
494 816 548 857 nec
560 797 744 874 inelegantis,
757 796 897 857 dictorum
910 801 1048 859 interdum
1062 809 1101 859 et

104 887 161 944 iam
178 883 360 959 notabilium,
389 881 501 942 Vellent
522 884 613 961 inquit
633 889 695 942 tum
711 882 872 960 formosos
897 901 980 959 essa,
1011 903 1103 964 quom

105 967 240 1029 Maelius
251 967 313 1027 sibi
325 967 468 1038 videtum
481 975 509 1026 at
522 966 666 1027 cuiusdam
680 976 766 1046 caput
775 968 914 1026 varietate
927 969 1023 1047 capilli
1037 969 1102 1027 sub·

104 1051 218 1114 rutilum
242 1062 270 1110 et
295 1054 426 1111 incanum
444 1051 606 1130 perfusam
621 1053 719 1112 nicena
733 1052 833 1111 mulso
849 1051 932 1121 dixit:
957 1053 1143 1112 condicio-21
1211 1101 1214 1105 .

68 1156 171 1202 runem
190 1136 349 1214 principum
367 1137 552 1196 miserrimam
570 1135 680 1213 aiebat,
700 1135 811 1215 quibos
832 1135 870 1196 de
891 1136 1104 1202 contristatione

106 1226 265 1299 comperto
279 1238 340 1280 non
356 1220 534 1280 crederetur
547 1221 610 1280 nisi
625 1220 746 1281 occisis,

169 1305 310 1379 Quotiens
323 1305 409 1364 otium
423 1314 517 1381 esset,
538 1305 602 1364 alea
614 1323 646 1364 se
662 1304 843 1380 oblectabat,
863 1305 947 1363 etiarn
964 1304 1103 1382 profestis

106 1389 207 1448 diebus
219 1389 418 1467 matutinisque
433 1389 523 1465 horis,
535 1407 569 1449 ac
580 1388 694 1448 lavabat
708 1386 743 1448 de
756 1388 816 1466 die,
833 1387 1049 1468 prandebatque
1067 1387 1103 1447 ad

105 1474 276 1549 satietatem,
289 1482 319 1531 ut
330 1491 387 1532 non
398 1483 509 1532 temere
521 1491 608 1552 super
623 1491 741 1532 caenam
752 1481 869 1552 practer
880 1473 1032 1534 blatianum
1044 1489 1101 1532 ma-

69 1582 97 1625 15
106 1558 163 1618 lum
179 1567 207 1616 et
224 1549 365 1618 modicam
385 1558 412 1617 in
430 1557 554 1637 ampulla
573 1557 768 1636 potiunculam
790 1567 924 1617 sumeret.
960 1555 1101 1617 Conviva-

106 1643 189 1702 batur
200 1641 368 1719 frequenter
381 1661 415 1702 ac
429 1643 522 1720 large,
539 1642 590 1703 sed
607 1660 700 1720 paene
718 1645 833 1723 raptim;
854 1651 935 1717 certe
955 1659 1012 1701 non
1028 1637 1102 1701 ultra

106 1726 179 1786 solis
198 1744 349 1805 occasum,
366 1746 421 1787 nec
440 1736 469 1786 ut
489 1737 592 1806 postea
614 1727 827 1788 comissaretur.
859 1726 932 1786 Nam
950 1727 985 1786 ad
1002 1725 1101 1786 horam

107 1811 199 1872 somni
210 1810 278 1869 nihil
293 1811 368 1871 aliud
379 1829 462 1890 quam
473 1812 553 1871 solus
564 1821 680 1871 secreto
693 1811 903 1871 deambulabat.

167 1894 303 1954 libidinis
314 1896 424 1972 nimiae,
440 1895 634 1956 assiduitatem
649 1897 817 1955 concubitus
829 1896 909 1955 velut
920 1897 1145 1956 exercitatio-22

63 1985 97 2045 'ro
109 1983 153 2039 nis
165 1998 257 2056 genus
272 1979 436 2057 clinopalen
455 1980 594 2049 vocabat;
617 1989 737 2058 eratque
757 1981 845 2058 fama,
868 1981 949 2059 quasi
968 1980 1103 2039 concubi-

107 2083 158 2124 nas
170 2066 235 2141 ipse
248 2063 410 2123 deuelleret
420 2073 589 2143 nataretque
607 2065 681 2124 inter
700 2064 912 2140 uulgatissimas
924 2065 1103 2124 meretrices.

108 2149 217 2210 Fratris
235 2148 337 2225 liliam,
357 2147 449 2208 adbuc
468 2149 606 2225 virginem
628 2148 753 2208 oblatam
776 2149 804 2207 in
822 2148 1030 2208 matrimonium
1050 2147 1104 2208 sibi

109 2252 172 2294 cum
184 2233 333 2292 devinctus
345 2233 487 2293 Domitiae
499 2233 604 2311 nuptiis
616 2233 845 2310 pertinacissime
857 2242 1034 2308 recusasset,
1046 2251 1103 2292 non

108 2317 195 2378 multo
210 2327 277 2395 post
293 2317 341 2378 alii
359 2317 557 2394 conlocatam,
572 2320 699 2396 corrupit
712 2318 787 2376 ultro
803 2327 832 2376 et
848 2317 961 2397 quidem
978 2319 1046 2377 vivo
1063 2326 1103 2376 et·

72 2421 99 2464 aa
108 2405 162 2463 iam
175 2411 232 2460 turn
244 2402 324 2471 Tito;
342 2420 410 2461 mox
423 2412 504 2480 patre
518 2420 551 2462 ac
563 2403 625 2460 viro
639 2401 768 2462 orbatam
784 2400 982 2462 ardentissime
996 2402 1103 2481 palam-

110 2505 165 2564 que
179 2485 287 2563 dilexit,
300 2496 329 2545 ut
344 2489 427 2546 etiam
441 2505 527 2546 causa
540 2488 639 2546 mortis
656 2487 786 2546 extiterit.
794 2496 912 2547 coactae
932 2496 1104 2566 conceptum

110 2589 171 2630 ase
183 2570 313 2646 abigere.

172 2653 306 2714 Occisum
322 2674 385 2714 eum
399 2655 523 2732 populus
541 2655 753 2730 indifferenter,
766 2655 848 2715 rniles
860 2657 1031 2733 gravissime
1043 2654 1105 2714 tulit
1114 2661 1147 2714 23

110 2741 259 2818 statimque
275 2740 377 2798 Divum
390 2739 540 2818 appellare
553 2749 672 2800 conatus
685 2749 740 2817 est,
752 2749 869 2818 paratus
882 2749 911 2798 et
925 2740 1037 2816 ulcisci,
1051 2739 1106 2798 nisi

75 2824 199 2902 caduces
217 2822 390 2893 defuissent;
410 2823 486 2902 quod
501 2824 614 2902 quidem
626 2825 712 2903 paulo
727 2833 795 2903 post
811 2823 895 2900 ie'cit,
915 2822 1106 2901 expostulatis

111 2909 281 2987 adpoenam
297 2910 525 2986 pertinacissime
544 2909 641 2968 caedis
656 2908 831 2968 auctoribus.
866 2906 974 2968 Contra
990 2917 1106 2968 senatus

110 2992 182 3053 adeo
201 2994 323 3053 laetatus
340 3003 401 3069 est,
418 3003 447 3053 ut
465 2993 578 3073 repleta
597 2996 727 3054 certatim
746 2994 824 3052 curia
843 3011 900 3052 non
918 3001 1105 3070 temperaret,

111 3078 177 3156 quin
191 3086 332 3138 mortuum
349 3078 639 3137 contumeliosissimo
653 3087 740 3156 atque
757 3077 947 3137 acerbissimo
964 3075 1105 3136 adclama-

110 3164 216 3222 tionum
234 3181 345 3240 genere
364 3162 527 3239 laceraret,
547 3163 643 3223 scalas
662 3163 746 3220 etiarn
763 3161 863 3222 inferri
885 3162 1058 3240 clipeosque
1079 3169 1107 3218 et

24 3271 25 3277 ¹
77 3275 102 3316 μ
111 3249 251 3324 imagines
269 3248 330 3308 eius
348 3264 445 3306 coram
458 3247 569 3307 detrahi
582 3256 611 3306 et
622 3245 727 3306 ibidem
739 3245 804 3306 solo
816 3246 907 3322 afiligi
919 3245 1041 3323 iuberet,
1055 3261 1106 3303 no-

110 3332 225 3391 vissime
243 3331 404 3391 eradendos
421 3331 527 3409 ubique
552 3332 650 3392 titulos
668 3330 897 3410 abolendamque
916 3348 1028 3390 omnem
1048 3347 1107 3388 me·

110 3417 229 3476 moriam
241 3416 422 3477 decerneret.

110 3555 121 3577 Ι
172 3502 247 3560 Ante
261 3518 371 3579 pancos
384 3517 468 3579 quam
480 3500 662 3560 occideretur
673 3518 790 3560 menses
805 3503 907 3562 cornix
921 3503 948 3560 in
962 3497 1106 3577 Capitolio
