2468 3912
151 232 192 295 66
236 245 265 296 c.
280 245 429 296 sunnorn
445 247 572 307 anano.
592 249 639 296 nn
653 249 736 297 vnn
753 249 936 298 cassanum
953 230 1021 296 nin.
1037 247 1074 297 n.

151 408 257 462 tantum
286 400 363 480 quod
388 402 537 480 pueritiam
562 422 701 482 egresso,
735 404 851 482 deinde,
886 413 917 465 ut
940 407 965 464 is
991 404 1076 479 obiit,
1107 403 1146 465 ll.

151 483 302 564 Agrippae
317 493 434 563 nuptum
450 484 535 564 dedit,
552 497 671 549 exorata
688 506 801 567 sorore,
819 497 850 548 ut
864 489 918 548 sibi
933 505 1044 566 genero
1060 487 1146 548 cede·
1217 509 1218 518 ¹

152 576 212 638 ret;
233 585 297 628 nam
317 577 385 628 tunc
400 569 532 651 Agrippa
554 571 672 632 alteram
693 572 894 634 Marcellarum
914 572 1039 633 babebat
1060 563 1147 632 et'ex

152 669 187 713 ca
208 651 327 711 liberos.
351 651 416 714 lloc
435 672 549 734 quoque
571 655 722 734 defuncto,
745 657 841 717 multis
862 676 896 718 ac
917 656 980 733 din,
1001 657 1086 716 etiarn
1109 675 1147 716 ex

152 737 279 816 equestri
297 736 412 814 ordine,
435 738 654 819 circumspectis
671 740 906 819 condicionibus,
928 740 1073 800 liberium
1087 743 1173 818 pri-a

152 821 269 899 rignum
289 839 369 881 snum
390 822 481 899 elegit
502 824 658 902 coegitque
679 833 887 904 praegnantem
905 840 1041 901 uxorem,
1064 832 1093 883 et
1109 842 1147 884 ex

153 924 207 986 qua
228 905 283 965 iam
299 914 381 984 pater
396 915 472 985 erat,
494 906 646 968 dimittere.
677 908 715 970 lli.
730 909 873 969 Antonius
889 907 1002 985 scribit,
1028 909 1147 988 primum

153 1007 217 1050 enm
232 987 358 1050 Antonio
373 990 431 1050 lilio
448 1008 500 1050 suo
516 990 707 1071 despondisse
721 991 835 1069 Iuliam,
859 993 925 1053 dein
943 990 1074 1054 Cotisoni
1091 990 1147 1053 (ie-

152 1083 243 1136 tarum
265 1074 347 1152 regi,
371 1091 427 1154 quo
451 1084 582 1154 tempore
605 1075 660 1136 sibi
681 1094 796 1157 quoqne
811 1079 839 1136 in
856 1079 950 1137 ulcem
966 1076 1146 1152 liliamregis

152 1159 181 1219 in
196 1159 403 1220 matrimonium
420 1161 552 1237 petisset.
1158 1176 1185 1218 so

110 1254 146 1311 64
197 1313 199 1318 ,
212 1241 345 1323 Nepotes
360 1261 398 1304 ex
408 1242 542 1324 Agrippa
557 1253 587 1304 et
600 1242 670 1304 lnlia
683 1253 743 1304 tres
758 1244 856 1305 habuit
871 1243 905 1306 c.
918 1243 989 1304 etl..
999 1251 1028 1302 et
1039 1241 1146 1320 Agrip-

152 1347 233 1409 pam,
253 1336 357 1407 neptes
379 1327 448 1387 duas
470 1327 570 1388 luliam
593 1337 622 1388 et
643 1326 843 1408 Agrippinam.
878 1329 978 1390 lulium
1003 1326 1035 1386 L.
1056 1325 1145 1387 Panlo

154 1414 284 1478 censoris
310 1412 387 1490 lilio,
414 1411 605 1492 Agrippinam
626 1411 796 1474 Germanico
824 1415 934 1473 sororis
958 1429 1027 1472 suae
1046 1411 1145 1488 nepoti

154 1497 320 1558 collocavit.
352 1494 451 1557 Gaium
466 1505 494 1556 et
508 1495 539 1554 L.
555 1496 716 1576 adoptavit,
738 1495 812 1556 domi
827 1515 880 1576 per
894 1513 989 1556 assem
1003 1503 1032 1554 et
1046 1493 1146 1554 libram

154 1589 266 1659 emptos
288 1597 304 1639 a
326 1589 408 1659 patre
426 1579 576 1659 Agrippa,
596 1589 772 1658 tenerosque
787 1579 880 1641 adhuc
895 1579 931 1641 ad
949 1597 1044 1639 curam
1059 1580 1101 1638 rei
1115 1597 1145 1658 p.
1157 1593 1183 1634 ss

154 1665 278 1724 admovit
301 1672 330 1722 et
346 1663 481 1723 consules
502 1663 668 1740 designatos
685 1666 792 1725 circum
808 1665 973 1744 provincias
989 1663 1146 1723 exercitus-

107 1787 110 1794 ,
155 1765 210 1829 que
236 1746 349 1807 dimisit.
380 1746 481 1808 Filiam
502 1756 532 1806 et
553 1757 656 1828 neptes
669 1750 708 1809 ita
723 1749 857 1826 instituit,
878 1757 909 1808 nt
923 1750 1008 1808 etiarn
1021 1747 1146 1806 lanificio

154 1830 366 1908 assuefaceret,
390 1840 559 1911 vetaretque
574 1831 652 1912 loqui
669 1841 716 1894 aut
733 1851 824 1912 agere
840 1835 990 1912 quicquam
1008 1831 1063 1890 nisi
1079 1847 1146 1910 pro-

154 1916 248 1998 palam
273 1924 302 1975 et
326 1915 404 1994 quod
422 1917 451 1975 in
473 1915 589 1976 diurnos
612 1919 831 1978 commentarios
850 1917 1023 1984 referretur3
1052 1923 1146 1974 extra·

154 2017 272 2061 neorum
294 1998 407 2079 quidem
429 2009 514 2060 coetu
535 2000 609 2061 adeo
632 2000 794 2081 prohibuit,
815 2008 845 2060 nt
864 2000 896 2062 L.
913 2002 1042 2075 Vicinio,
1066 1998 1183 2058 clarum

47 2101 51 2111 ·
155 2086 320 2164 decoroque
338 2085 448 2161 iuveni,
471 2086 621 2163 scripserit
642 2085 799 2164 qnondam,
817 2101 932 2163 porum
949 2083 1084 2145 modesta
1099 2081 1146 2160 se-

155 2169 234 2234 cisse
259 2187 341 2246 cum,
368 2168 451 2250 quod
471 2168 569 2246 pilium
588 2187 677 2230 sunm
696 2168 798 2230 Boios
816 2169 984 2230 salutatum
1003 2167 1146 2228 ausisset.

153 2255 285 2332 Nepotes
307 2263 336 2313 et
357 2253 467 2314 litteras
482 2262 512 2312 et
533 2262 633 2315 notare
656 2254 769 2332 aliaque
790 2253 948 2314 rudimenta
969 2271 1022 2332 per
1037 2269 1069 2311 se
1084 2250 1148 2328 ple·

155 2355 274 2416 rumque
286 2337 385 2397 'docuit
400 2355 435 2397 ac
450 2337 518 2397 nihil
533 2356 625 2418 aeque
640 2337 800 2398 elaboravit
821 2356 905 2418 quam
925 2346 955 2397 nt
972 2336 1150 2396 imitarentur

156 2421 378 2499 chirographum
394 2439 488 2490 snum;
505 2440 599 2501 nequo
615 2423 745 2484 caenavit
761 2441 824 2499 una,
839 2423 894 2483 nisi
908 2422 980 2480 utin
995 2421 1050 2479 imo
1067 2419 1148 2478 lecto
1158 2439 1184 2480 aa

156 2503 332 2580 assiderent,
359 2522 453 2583 neqne
474 2507 529 2566 iter
549 2507 632 2583 iecit,
657 2507 711 2566 nisi
732 2515 763 2566 ut
782 2505 916 2566 vehiculo
938 2505 1081 2565 anteirent
1101 2510 1150 2562 aut

113 2589 146 2646 65
157 2589 234 2650 circa
248 2585 455 2668 adequitarent.
481 2589 540 2650 Sed
554 2590 659 2650 laetum
674 2609 738 2652 eum
753 2600 838 2670 atque
854 2589 987 2650 fidentem
1000 2596 1029 2648 et
1044 2584 1149 2646 subole

156 2683 184 2735 et
197 2671 349 2751 disciplina
365 2672 464 2732 domus
474 2672 600 2735 Fortuna
615 2675 750 2736 destituit.
773 2675 869 2751 Iulias,
884 2674 969 2734 liliam
981 2681 1010 2732 et
1019 2678 1149 2750 neptem,

155 2757 285 2818 omnibus
307 2755 422 2836 probris
445 2761 648 2820 contaminatas
668 2760 826 2837 relegavit;
849 2756 882 2819 0.
900 2767 928 2818 et
941 2756 972 2818 1..
995 2757 1024 2816 in
1040 2753 1156 2816 duode·.

154 2841 256 2920 viginti
277 2858 405 2900 mensum
427 2843 522 2920 spatio
544 2844 636 2903 amisit
657 2843 770 2920 ambos,
794 2841 864 2903 Gaio
887 2843 915 2900 in
933 2842 1036 2918 Lycia,
1057 2839 1184 2899 Lucioao

153 2926 299 2988 Massiliae
323 2924 475 2986 defunctis.
512 2925 638 2987 Tertium
663 2935 799 3008 nepotem
821 2925 982 3004 Agrippam
1007 2923 1150 3002 simulque

154 3013 316 3090 privignum
326 3009 470 3070 Tiberium
486 3011 633 3091 adoptavit
649 3013 677 3070 in
691 3012 755 3071 loro
772 3011 841 3088 lege
857 3011 978 3078 curiata:
994 3007 1152 3086 exquibus

155 3095 315 3174 Agrippam
330 3094 413 3154 breui
426 3094 463 3155 ob
478 3095 622 3172 ingenium
637 3094 779 3156 sordidum
795 3113 829 3155 ac
843 3095 929 3155 ieron
944 3093 1088 3154 abdicavit
1103 3109 1150 3151 se-

156 3179 309 3257 posuitque
324 3179 499 3240 Surrentum.

215 3261 369 3340 Aliquanto
389 3273 483 3324 autem
503 3263 656 3343 patientins
675 3271 795 3322 mortem
818 3280 901 3342 quaro
922 3261 1067 3322 dedecora
1082 3277 1185 3320 suo-ss

156 3362 217 3403 rum
234 3345 305 3404 tulit.
334 3345 406 3407 Nam
424 3346 456 3408 (i.
470 3347 598 3425 Lucique
619 3364 686 3406 casu
708 3362 766 3406 non
786 3345 859 3408 adeo
882 3347 1006 3421 iractns,
1031 3344 1067 3404 de
1089 3343 1151 3404 lilia

157 3427 263 3488 absens
279 3431 312 3487 a'c
325 3428 427 3490 ldtello
441 3450 495 3511 per
509 3439 691 3510 quaestorem
705 3430 827 3491 recitato
841 3440 939 3490 notum
953 3431 1062 3489 senatui
1078 3427 1153 3488 iecit

157 3511 350 3588 abstinuitque
374 3530 532 3592 congressu
552 3513 694 3574 hominnm
711 3511 756 3572 diu
770 3531 842 3592 prae
857 3513 987 3593 pudore,
1010 3514 1096 3574 etiam
1112 3511 1152 3584 de
