2468 3912
471 253 677 301 PRAEFATIO.
945 254 1016 304 XCV

114 418 151 472 πθ
164 409 249 466 libedo
262 423 312 466 suo
329 426 382 466 non
398 410 535 476 intelligo.
556 410 682 468 Ceterum
699 413 794 469 aedem
811 453 818 468 .
836 453 842 468 .
859 413 1014 470 inchoatam

13 543 14 558 ,
114 511 200 568 supra
212 510 322 566 qnoque
337 511 364 566 p.
377 499 421 564 65,
440 501 473 552 lo
489 494 629 550 habemus.

170 578 607 635 libellumltillerentiarum
622 580 1013 653 Sermonum‚quiexSue-

114 663 184 719 tonii
193 660 434 732 Tranquillil'rato
443 668 590 732 excerptus
598 678 661 716 esse
669 663 780 732 dicitur,
788 666 821 720 ab
829 667 880 721 hac
889 665 1013 724 editions

113 745 266 802 excludere
282 744 368 813 nolui,
384 760 545 815 quamquem
555 752 653 816 sponte
673 747 807 802 confiteor
824 750 905 804 talem
921 750 1011 819 qualis

114 836 186 886 esta
203 827 336 884 Suetonio
356 844 445 900 neque
463 827 549 883 scribi
567 844 657 898 neque
673 846 688 884 a
706 830 828 887 Remmio
845 832 1011 889 Palaemone

114 911 222 969 desumi
239 912 372 984 potuisse.
409 911 466 967 Sed
482 928 542 966 cum
558 913 643 966 semel
660 918 761 968 tantum
778 915 873 970 lormie
891 917 1010 989 impres-

113 1013 161 1052 sus
185 995 222 1052 sit
244 995 359 1065 eiusque
382 995 514 1051 editionis
540 996 665 1067 exempla
691 1002 720 1051 et
741 998 882 1055 rarissima
902 1001 958 1056 sint
982 1007 1012 1057 et

113 1078 339 1151 corruptissima,
359 1079 436 1134 nolui
457 1080 556 1133 lectori
572 1081 667 1135 harum
682 1097 773 1135 rerum
789 1082 915 1138 studioso
931 1084 1011 1155 quasi

113 1163 287 1220 abscondere
312 1161 435 1217 libellum
456 1179 544 1234 nuper
567 1163 716 1233 aliquoties
738 1164 766 1218 in
781 1166 1010 1236 disceptationem

113 1252 239 1302 uocatum
254 1250 283 1300 et
302 1246 400 1301 seltem
415 1245 495 1301 titulo
512 1247 546 1300 de
564 1248 681 1302 meliore
697 1253 761 1303 nota
784 1249 1009 1320 commendatum,

112 1330 232 1401 denique
251 1347 266 1384 a
280 1329 371 1398 nobis,
388 1329 442 1384 nisi
459 1329 563 1384 animus
578 1330 666 1400 tellit,
683 1330 823 1401 aliquanto
839 1333 1010 1388 emendatio-

112 1430 170 1469 rem
190 1413 299 1470 lectum.

176 1497 273 1552 Exstat
288 1495 400 1550 libellus
417 1501 544 1566 quantum
556 1496 705 1569 explorare
717 1498 804 1568 potui,
821 1515 875 1555 non
891 1499 1009 1571 amplius

111 1581 198 1636 semel
214 1595 294 1634 manu
310 1579 447 1650 scriptus,
460 1579 489 1633 in
504 1581 602 1636 codice
618 1580 699 1637 Sacc.
717 1581 764 1651 tx,
783 1583 829 1653 qui
849 1582 913 1638 olim
928 1583 1010 1638 loen-

110 1665 155 1718 nis
170 1661 290 1717 Bouhier
304 1662 421 1718 Divionc
438 1661 504 1733 tuit,
522 1680 593 1720 nunc
609 1663 867 1736 montepessulanum
886 1673 942 1736 cst,
958 1683 1010 1721 nu-

111 1759 188 1801 mero
208 1749 259 1804 306
279 1745 434 1802 distinctus.
478 1746 508 1800 ln
532 1763 566 1802 eo
589 1748 705 1816 codice,
728 1755 758 1803 ut
779 1749 937 1820 singulatim
959 1765 1009 1805 ex-

111 1828 224 1901 ponitur
239 1828 267 1882 in
289 1828 441 1898 Cataloguo
457 1831 572 1899 general
591 1830 640 1886 des
656 1833 819 1888 manuscrits
842 1833 891 1888 des
907 1834 1008 1905 deper-

111 1917 229 1967 tements
247 1919 259 1968 l
276 1928 301 1982 p.
318 1916 379 1981 too,
396 1911 582 1982 synonymiae
598 1915 732 1985 opuscula
747 1916 886 1986 complura
906 1917 1008 1986 insunt,

110 2011 166 2050 non
184 2000 286 2050 tantum
299 1994 433 2063 Agroecii
449 2001 477 2048 et
488 1995 588 2051 lsidori
605 1996 735 2065 genuina,
750 1999 800 2052 sed
813 1997 1008 2053 ProbiVelerli

113 2093 222 2151 quoque
239 2077 385 2147 etVirgilii
397 2083 425 2132 et
433 2076 576 2133 Ciceronis
591 2079 636 2133 vel
651 2078 798 2134 subditicio
809 2081 852 2134 vel
864 2086 1006 2151 suspecta,

14 2209 15 2216 ,
112 2169 258 2233 praeterea
276 2161 400 2218 eiusdem
412 2160 525 2231 generis
540 2161 594 2216 alia
606 2160 666 2215 sine
682 2167 823 2216 auctorum
841 2161 1007 2218 nominibus.

111 2245 152 2300 Ex
173 2261 207 2301 eo
230 2245 329 2301 codice
355 2261 416 2301 cum
436 2243 491 2301 alia
512 2250 567 2299 tum
587 2247 658 2300 hanc
680 2243 842 2316 particulam
858 2245 1009 2317 descripsit

111 2327 253 2400 Philippus
268 2327 403 2385 d'0rville
420 2328 562 2398 ediditque
584 2345 607 2384 a.
626 2333 692 2387 1749
713 2327 740 2383 in
754 2328 940 2385 lliscellsneis
957 2330 1008 2384 oln-

112 2413 318 2469 servationibus
329 2413 442 2472 noviss
465 2430 492 2483 p.
509 2417 559 2471 977
575 2427 635 2483 sqq.
678 2412 807 2468 Eiusdem
823 2412 1007 2483 antiquissimi

113 2495 218 2551 codicis
234 2497 343 2567 copiam
365 2495 539 2552 uFriderico
554 2497 666 2552 Dibner
687 2496 785 2551 lactem
801 2497 930 2568 donoque
951 2497 1007 2554 sibi

112 2579 202 2634 datem
232 2579 445 2636 dridericns
470 2579 613 2635 llitschl
635 2580 700 2635 milri
724 2580 851 2636 utendam
871 2582 1008 2652 permisit,

114 2661 192 2717 cuius
208 2662 337 2718 beneficii
354 2663 485 2718 maximos
502 2663 620 2733 egregio
633 2663 694 2719 viro
710 2663 815 2735 gratias
832 2680 895 2734 ago.
931 2665 1008 2719 Titu-

113 2740 199 2819 lus”)
222 2751 279 2801 est:
301 2744 517 2802 lrtclrtvrtt
540 2745 787 2805 differentiae
810 2764 1007 2803 sermonum

113 2827 204 2883 Remi
226 2827 427 2885 Polemonis
452 2845 494 2884 ex
512 2827 610 2884 libro
627 2829 811 2901 Suetonii,
839 2829 1009 2901 subscriptio

178 3022 225 3086 93)
246 3025 298 3089 Ipsi
315 3023 387 3073 titulo
402 3024 475 3087 quasi
496 3022 595 3089 prologi
611 3024 691 3072 instar
704 3024 766 3073 haec
779 3025 919 3089 praemisse
934 3037 1006 3074 suns:

112 3089 245 3142 ‘Palemon
266 3091 395 3142 Vicetinus
421 3093 530 3157 insignis
556 3093 734 3156 grammaticus
760 3094 854 3143 Romae
882 3089 1007 3152 hsbetura

112 3160 154 3223 qni
170 3160 297 3224 quondam
315 3161 485 3226 interrogatus
504 3160 563 3224 quid
580 3161 645 3209 inter
665 3159 756 3209 stillam
775 3169 799 3210 et
811 3169 906 3226 guttum
927 3158 1006 3208 inter-

112 3236 185 3289 esset,
202 3227 275 3279 Gutte
290 3229 371 3292 lnquit
388 3237 446 3288 stat,
464 3229 530 3279 stilla
546 3229 627 3278 csdit’
643 3241 707 3291 quae
725 3229 801 3279 verbe
815 3243 847 3276 ex
863 3227 1006 3292 llleronyml

111 3295 227 3348 chronico
250 3296 375 3363 descripta
394 3312 471 3362 supra
493 3297 578 3348 adnot.
599 3295 633 3347 60
655 3296 912 3346 commemoravimus.
954 3293 1006 3347 Sed

111 3379 193 3416 errore
213 3365 306 3415 lactum
322 3373 400 3416 estut
416 3366 553 3416 Dorvillins
566 3380 672 3429 eumque
690 3373 792 3414 secutus
808 3363 921 3415 flandius
938 3363 1006 3415 huns

110 3434 243 3500 prologum
255 3434 339 3485 libello
357 3433 471 3499 proxime
486 3435 643 3500 praescripto
654 3441 782 3498 tamquam
796 3434 924 3502 epilogum
943 3433 1004 3482 sual>¹

111 3503 250 3567 torperent.
