2392 3926
151 233 211 296 288
426 248 455 295 c.
475 247 637 296 sonuerim
655 247 870 308 sennensem

150 403 267 482 quillum
283 402 481 481 Graecumque
496 405 692 485 Apollonium.
719 401 923 482 Hieronymus
936 401 980 461 ad
989 401 1154 463 Desideri·
1184 359 1185 362 Ἴ

148 504 200 546 nm
215 493 235 547 t.
256 495 271 546 t
280 504 313 564 p.
331 494 386 547 211
396 485 476 548 Vatt.
509 487 618 564 Legisti
634 489 707 547 enim
722 495 752 546 et
766 486 897 548 Graecos
912 495 941 545 et
953 485 1093 562 Latinos,
1112 489 1155 565 qui

149 577 223 633 vitas
248 572 374 629 virorum
394 571 545 630 illustrium
558 571 793 650 descripserunt,
818 571 895 651 quod
909 587 1060 648 uunquam
1074 571 1153 652 Epi-

150 655 311 736 taphium
332 654 443 715 titulum
456 655 628 732 indiderint,
651 653 704 715 sed
727 654 767 714 de
789 652 1015 715 illustribus
1043 657 1152 730 viris,

149 739 232 800 verbi
254 741 347 817 gratia
373 738 511 817 ducibus,
542 738 745 819 philosophis,
776 738 958 814 oratoribus,
989 737 1169 814 historiciqs

151 825 248 905 poetis
269 824 362 901 epicis
383 826 503 902 tragicis
522 825 641 883 comicis
663 823 720 903 (ol.
738 824 852 902 poetis,
869 824 990 898 ethicis,
1008 823 1153 901 physicis,

149 909 287 986 tragicis,
304 909 448 986 comicis.)
477 906 682 987 Hieronymus
700 907 743 968 od
755 905 958 987 Augustinum
972 913 993 966 t.
1014 915 1033 966 1
1043 925 1080 986 p.
1100 916 1154 968 738

155 992 291 1054 Vollors.
330 989 378 1070 [ln
393 993 531 1052 chronico
545 991 712 1052 Eusebianc
728 1010 744 1052 a
760 991 857 1071 nobis]
871 1009 946 1052 nunc
961 991 1065 1052 addita
1079 1010 1154 1052 nuuc

150 1081 236 1138 mixta
253 1084 318 1136 sunt
333 1076 470 1154 plurima,
486 1094 560 1155 quae
575 1076 611 1136 de
631 1075 799 1155 Tranquillo
817 1084 845 1135 et
863 1077 969 1136 ceteris
986 1074 1155 1136 illustribus

150 1162 298 1223 historicis
328 1162 524 1222 curiosissime
546 1163 754 1239 excerpsimus.
790 1158 995 1239 hieronymus
1015 1161 1179 1238 praefore

152 1249 234 1308 tione
248 1245 292 1305 od
307 1242 491 1321 chronicon,
514 1250 535 1305 t.
552 1253 616 1324 Sp.
634 1253 652 1304 7
670 1243 805 1306 Vollors.

215 1328 248 1390 G.
279 1330 433 1389 Suetonius
461 1330 578 1408 scripsit
597 1328 633 1388 de
655 1331 726 1389 viris
746 1328 926 1403 illustribus,
948 1329 1031 1388 cuius
1055 1348 1154 1389 exem·

151 1416 229 1496 plum
245 1421 362 1474 secutus
377 1413 569 1489 Hieronymus
587 1415 651 1492 ipse
666 1430 782 1493 quoque
798 1412 927 1473 libellum
946 1411 983 1471 de
999 1415 1153 1492 scriptori·

152 1500 206 1560 bus
222 1498 386 1560 christianis
403 1496 499 1558 edidit.
526 1496 628 1576 Nuper
643 1501 726 1558 ctiam
733 1496 971 1558 Bartholomaeus
984 1495 1097 1558 Facins
1114 1499 1154 1558 ia-

152 1584 271 1644 miliaris
286 1590 385 1642 noster
401 1581 437 1641 dc
449 1584 520 1642 viris
534 1579 694 1642 illustribus
707 1583 847 1660 temporis
862 1583 905 1640 sui
920 1579 1012 1640 libros
1029 1591 1181 1660 compo-1⁵

154 1670 225 1743 suit,
246 1667 294 1744 qui
311 1684 348 1724 nc
371 1666 425 1725 hos
448 1667 578 1726 Suetonii
600 1666 729 1726 illustres
748 1669 829 1726 viros
854 1666 886 1744 [i.
901 1681 927 1724 c.
944 1668 1154 1741 grammaticos

155 1761 184 1810 et
203 1749 350 1826 rhetores]
365 1750 464 1810 videre
481 1759 600 1829 posset,
617 1769 696 1810 mors
710 1753 857 1811 immatura
873 1749 970 1810 effecit
986 1750 1024 1828 {a
1045 1751 1154 1828 14571.

154 1834 243 1894 Paulo
265 1835 338 1894 enim
361 1844 427 1913 post
443 1835 503 1894 eius
517 1847 637 1895 mortem
651 1836 680 1894 in
697 1834 791 1895 lucem
811 1833 972 1908 redieruut,
999 1852 1066 1894 cum
1080 1835 1154 1894 mul·

154 1929 200 1978 tos
216 1935 307 1977 annos
326 1917 481 1980 desiderati
496 1938 512 1980 a
527 1918 622 1980 doctis
637 1918 798 1979 hominibus
816 1927 925 1979 essent.
955 1917 1155 1996 Temporibus

155 2005 228 2063 enim
248 2001 363 2062 Nicolai
389 2005 477 2081 quinti
499 2005 644 2084 pontilicis
666 2005 778 2064 maximi
803 2003 1050 2082 [titt-1455]
1067 2001 1183 2061 Enocn

155 2085 319 2147 Asculauus
331 2090 359 2147 in
377 2087 497 2149 Galliam
510 2098 538 2148 et
550 2087 616 2146 iude
628 2088 657 2146 in
670 2087 849 2148 Germaniam
862 2087 1013 2165 proiectus
1031 2089 1155 2166 conqui·
1186 2085 1187 2126 t

155 2171 309 2232 rendorum
324 2170 462 2232 librorum
475 2173 568 2249 gratia
580 2173 634 2232 hos
653 2188 813 2250 quanquam
826 2171 983 2231 mendosos
998 2178 1028 2230 et
1045 2171 1156 2251 imper·

154 2257 250 2315 sectos
263 2255 298 2315 ad
311 2273 366 2316 uos
378 2257 483 2316 retulit.
496 2254 548 2316 Gui
561 2254 742 2317 sichabenda
755 2264 799 2315 est
809 2257 911 2333 gratia,
920 2253 1156 2333 utmaleimpre·
1186 2269 1187 2272 ’

157 2339 277 2398 candum
292 2349 338 2399 est
345 2340 481 2400 Sicconio
494 2339 865 2418 PolentonoPatavino,qui
884 2357 947 2399 cum
962 2347 1156 2416 campartem

157 2431 291 2500 quaeest
310 2424 353 2484 de
376 2424 593 2486 oratoribus
621 2443 660 2484 ae
687 2425 814 2501 poetis
833 2425 1007 2499 invenisset,
1027 2423 1068 2482 ita
1084 2437 1185 2499 sup-2⁵

156 2507 265 2585 pressit
279 2516 308 2567 nt
323 2526 360 2568 ne
374 2526 497 2587 unquam
508 2510 536 2566 in
551 2509 645 2568 lucem
656 2510 756 2568 venire
767 2517 879 2587 posset.
908 2507 999 2582 Quam
1013 2523 1073 2584 ego
1089 2525 1156 2566 cnm

157 2590 266 2651 Patavii
283 2595 495 2671 perquirerem,
510 2593 625 2652 tandem
646 2594 743 2671 reperi
759 2611 821 2653 eam
843 2591 945 2651 abillo
961 2591 1053 2650 inisse
1073 2607 1156 2650 com·

156 2676 268 2734 bustam
282 2677 433 2756 ipsumque
447 2678 611 2754 arrogantia
630 2695 665 2737 ac
686 2679 846 2736 temeritate
862 2674 1013 2753 impulsum
1031 2674 1069 2733 de
1084 2677 1158 2733 vitis

156 2761 311 2820 illustrium
328 2762 499 2839 scriptorum
511 2761 714 2841 loquacissime
728 2762 835 2839 pariter
846 2768 875 2818 et
886 2760 1067 2837 ineptissime
1080 2759 1158 2818 scri·

157 2846 253 2923 psisse
277 2845 315 2923 [a.
340 2844 444 2924 1433]
472 2844 623 2907 Iooionns
644 2844 804 2906 Pantanus
826 2841 938 2904 Umber
960 2858 990 2900 o.
1015 2849 1102 2903 1460
1125 2843 1186 2902 inu

157 2928 265 2990 codice
287 2948 368 2991 nonc
393 2927 551 3007 Leidensi,
578 2931 629 2992 coi
654 2929 828 3007 inscripsit:
857 2927 890 2989 Ο.
910 2926 1039 2986 Suetonii
1062 2925 1160 2987 'l'ran-

158 3014 238 3090 quilli
263 3013 298 3073 de
322 3016 393 3074 viris
417 3014 575 3074 illustribus
596 3013 671 3074 liber
692 3013 803 3092 incipit.
835 3010 880 3071 De
897 3011 1109 3089 grammaticis.
1133 3017 1162 3070 et

157 3097 357 3175 subscripsit:
389 3097 521 3178 Amplius
542 3107 689 3177 repertrmr
710 3114 768 3156 non
791 3105 836 3156 est
850 3095 953 3156 adhuc.
969 3094 1074 3154 desunt
1091 3095 1161 3155 rhe-

158 3189 237 3240 tores
254 3181 304 3241 Xl.

228 3268 325 3316 Incerto
343 3283 444 3317 rumore
463 3269 591 3334 accepisse
609 3269 726 3326 videtur,
751 3281 816 3329 quae
837 3267 869 3316 de
889 3263 1001 3316 Sicconis
1017 3263 1160 3316 Polemoni
1175 3277 1184 3302 ⁴

160 3329 249 3378 lraude
267 3342 364 3388 narret:
386 3346 410 3384 at
424 3336 485 3384 illud
499 3337 563 3385 bene
583 3337 712 3385 Pontanus
725 3334 861 3394 intellexit,
884 3333 1031 3384 Suetoniani
1056 3337 1159 3398 operis.

161 3395 228 3456 qnod
245 3397 276 3444 de
293 3399 462 3451 Romanorum
480 3405 541 3454 viris
559 3403 698 3452 illustribus
716 3402 843 3462 exstabat,
855 3402 1002 3467 particulam
1019 3416 1078 3450 esse
1100 3419 1161 3452 eum

160 3461 284 3539 libellum,
298 3480 371 3526 quem
384 3484 461 3532 supra
475 3487 500 3534 p.
519 3471 570 3520 257
588 3487 643 3532 sqq.
660 3471 803 3530 retulimus,
821 3469 853 3519 de
864 3469 1040 3535 ,grammaticis
1057 3477 1084 3518 et
1100 3470 1160 3520 rbe-

162 3527 273 3587 tombus‚
285 3539 309 3578 et
324 3531 372 3580 hoe
384 3547 449 3584 recte
464 3537 597 3596 indicavit,
619 3538 757 3586 desiderari
770 3553 814 3587 eas
827 3549 929 3603 partes,
946 3552 1011 3601 quate
1029 3547 1109 3587 erant
1131 3539 1161 3586 de
