2466 3896
454 221 753 271 uruusonnuorus.
1034 217 1093 280 159

103 375 201 458 dltque
227 375 387 455 paludatus.
421 377 495 452 Quin
519 386 548 437 et
574 380 730 438 emissurus
752 379 882 443 Fucinum
909 385 1003 446 lacum
1024 404 1091 446 nau·

102 462 242 524 machiam
259 470 324 521 ante
340 463 489 521 commisit.
511 461 570 522 Sed
584 480 648 522 cum
660 463 896 541 proclamantibus
912 469 1091 531 naumachia·

102 549 168 608 riis:
198 544 288 606 Huoe
299 546 483 624 imperator,
501 547 645 607 mordturi
658 553 687 607 te
700 547 854 610 solutum!
869 554 1091 633 respondisset:

1 642 22 710 Γ
102 629 166 692 Ant
179 631 257 691 noa!
271 648 365 709 neque
381 630 535 709 posthanc
551 649 655 690 vocem
672 633 753 711 quasi
770 635 852 696 venia
865 635 924 697 data
940 640 1092 718 quisquam

80 717 238 777 ¹ndimioare
254 715 359 791 vellet,
386 714 433 774 diu
454 724 602 776 cunctatus
620 735 655 776 an
671 719 762 776 omnis
780 719 841 794 igni
855 720 986 801 ferroque
1007 724 1090 784 absu-

25 829 38 884 '.
102 809 211 876 meret,
227 799 341 860 tandem
355 817 371 858 e
387 799 457 859 sede
472 818 522 860 sua
538 800 673 879 prosiluit
687 819 722 861 ac
736 819 789 879 per
799 803 924 864 ambitum
937 806 1017 866 lacus
1033 824 1092 868 non

103 887 165 946 sine
185 884 273 945 foeda
296 883 483 945 vacillatione
507 883 687 962 discurrens,
718 887 820 965 partim
840 889 966 950 minando
988 893 1091 970 partim

1 1016 17 1047 7,
103 969 280 1032 adhortando
297 967 333 1028 ad
349 987 475 1047 pugnam
491 970 639 1049 compulit.
666 970 730 1030 Hoc
748 973 915 1050 spectaculo
930 973 1031 1034 classis
1047 975 1090 1036 Si·

104 1055 166 1116 cula
179 1063 207 1113 et
218 1053 331 1115 Rhodia
345 1063 568 1132 concurrerunt,
581 1053 774 1115 duodenarum
787 1055 938 1116 triremium
947 1059 1089 1136 singulae,

65 1160 91 1201 ao
104 1140 237 1200 exciente
264 1139 367 1198 bucina
390 1137 508 1200 Tritone
535 1148 691 1218 argenteo,
719 1141 766 1218 qui
791 1157 807 1198 e
832 1139 926 1201 medio
947 1141 1013 1202 lacu
1038 1162 1091 1222 per

100 1223 258 1285 machinam
275 1231 442 1283 emerserat.

164 1307 310 1383 Quaedam
327 1308 405 1367 circa
421 1307 610 1366 caerimonias
627 1308 799 1386 civilemque
821 1316 851 1366 et
869 1308 1014 1370 militarem
1029 1328 1088 1370 mo·
1099 1321 1134 1374 ab

99 1412 177 1469 rem,
204 1393 272 1451 item
295 1392 373 1451 circa
397 1393 520 1450 omnium
542 1391 670 1451 ordinum
689 1401 790 1452 statum
807 1390 883 1450 domi
901 1392 1027 1472 lorisque
1042 1404 1089 1455 aut

102 1477 244 1552 correxit,
266 1484 313 1537 aut
333 1474 449 1536 exoleta
470 1477 637 1551 revocavit,
660 1485 707 1536 aut
723 1478 807 1537 etiam
822 1493 899 1538 nova
914 1480 1037 1538 instituit.
1059 1479 1091 1538 ln
1108 1481 1145 1500 ²

64 1580 91 1622 ac
102 1559 275 1639 cooptandis
297 1577 351 1638 per
378 1559 504 1638 collegia
528 1561 729 1621 sacerdotibus
753 1563 894 1622 neminem
913 1562 967 1621 nisi
990 1563 1091 1624 iuratus

101 1645 271 1714 nominavit;
289 1644 513 1724 observavitque
530 1645 648 1723 sedulo,
674 1655 705 1705 ut
724 1648 858 1726 quotiens
880 1654 957 1706 terra
979 1649 1090 1708 inurbe

1 1731 254 1814 gpmmovisset,
278 1728 367 1806 ferias
384 1729 525 1790 advocata
541 1732 677 1791 contione
693 1740 811 1810 praetor
827 1730 984 1808 indiceret,
1007 1741 1090 1812 utque

1 1854 4 1864 .
101 1814 163 1873 dira
176 1831 230 1873 ave
244 1814 273 1872 in
289 1811 434 1891 Capitolio
450 1816 512 1875 visa
527 1815 694 1875 obsecratio
710 1815 879 1892 haberetur,
895 1832 1015 1894 eamque
1029 1818 1091 1896 ipse

99 1899 163 1957 iure
175 1898 289 1957 maximi
301 1899 446 1976 pontificis
458 1915 511 1977 pro
524 1900 625 1958 rostris
638 1899 747 1978 populo
759 1900 886 1978 praeiret
898 1910 1090 1980 summotaque

63 2001 90 2042 ao
105 1981 303 2061 operariorum
324 1999 531 2060 servorumque
548 1983 639 2042 turba.

163 2066 270 2126 Rerum
282 2075 390 2143 actum,
403 2065 523 2125 divisum
535 2076 618 2126 antea
633 2068 661 2124 iu
673 2065 811 2125 hibernos
823 2066 1007 2144 aestiuosque
1020 2087 1092 2128 men·
1100 2078 1135 2134 23

101 2169 167 2228 scs,
183 2151 338 2210 coniunxit.
365 2149 438 2210 luris
460 2149 615 2209 dictionem
630 2149 665 2208 de
684 2148 940 2226 fideicommissis,
963 2160 1033 2230 quot
1048 2170 1092 2212 an·

2 2241 4 2286 ὲ
24 2289 27 2299 λ
100 2236 144 2294 nis
162 2244 191 2294 et
206 2243 312 2294 tantum
326 2237 355 2294 in
370 2235 442 2294 urbe
458 2234 588 2313 delegari
605 2233 819 2311 magistratibus
835 2232 964 2310 solitam,
986 2235 1014 2294 in
1030 2254 1095 2314 per·

30 2354 34 2390 n
101 2329 216 2398 potuum
230 2328 316 2399 atque
338 2320 422 2380 etiam
443 2337 498 2398 per
515 2320 680 2398 provincias
696 2317 887 2398 potestatibus
906 2318 1094 2380 demandavit.
1109 2337 1169 2381 usa

22 2388 34 2458 b
64 2417 91 2456 2⁵
102 2401 197 2482 Capiti
211 2403 317 2482 Papiae
333 2404 489 2484 Poppaeae
505 2404 581 2480 legis
598 2403 741 2464 aliberio
755 2400 897 2480 Caesare,
916 2405 996 2482 quasi
1012 2422 1094 2464 sexa·

100 2488 212 2565 genarii
233 2507 378 2565 generare
397 2506 456 2548 non
471 2497 605 2567 possent,
635 2487 731 2547 addito
750 2487 914 2565 obrogavit.
950 2488 1051 2549 Sanxit
1065 2497 1095 2547 ut

100 2571 217 2651 pupillis
234 2581 315 2632 extra
332 2573 461 2633 ordinem
476 2581 586 2632 tutores
604 2591 620 2632 a
645 2571 810 2633 consulibus
836 2572 986 2650 darentur,
1007 2583 1094 2652 utque

4 2665 11 2674 “
101 2658 136 2732 ii,
163 2656 264 2735 quibus
287 2657 533 2735 amagistratibus
550 2658 718 2736 provinciae
737 2656 994 2734 interdicerentur,
1021 2656 1093 2716 urbe

100 2757 215 2819 quoque
226 2749 255 2800 et
270 2739 352 2802 ltalia
366 2750 620 2801 summoverentur.
635 2740 704 2819 lpse
717 2740 855 2820 quosdam
866 2758 943 2800 novo
957 2739 1093 2817 exemplo

64 2839 89 2880 co
100 2824 257 2902 relegavit,
273 2834 303 2884 ut
317 2825 391 2886 ultra
407 2825 533 2905 lapidem
549 2827 661 2885 tertium
677 2834 790 2886 vetaret
804 2825 905 2903 egredi
918 2824 953 2884 ab
969 2823 1050 2883 urbe.

160 2907 205 2968 De
218 2910 327 2970 maiore
343 2912 463 2988 negotio
482 2918 596 2970 acturus
611 2911 639 2969 in
657 2911 750 2986 ouria,
770 2909 881 2969 medius
896 2910 971 2968 inter
991 2925 1093 2967 consu·

97 2993 155 3053 lum
172 2993 260 3054 sellas
275 2994 586 3084 tribuniciopsubsellio
606 2993 736 3054 sedebat.
765 2984 977 3055 dommeatusa
994 3000 1094 3052 senatu

98 3079 157 3157 peti
177 3079 281 3138 solitos
302 3078 426 3139 benefici
447 3080 491 3140 sui
513 3080 593 3139 iecit.
627 3071 987 3160 Ornamenta'uonsularia
1010 3077 1136 3144 etiamne

5 3171 6 3180 ¹
98 3162 336 3241 procuratoribus
351 3162 512 3225 ducenariis
528 3162 652 3222 indulsit.
674 3151 1033 3240 Senatoriamdliguitatem
1048 3178 1092 3219 re-

64 3266 88 3307 as
100 3247 263 3307 coeuntibus
279 3257 444 3327 equestrem
459 3266 575 3328 quoque
592 3247 705 3307 ademit.
734 3245 832 3306 Latum
848 3245 975 3323 olavum,
997 3263 1093 3324 quam·

97 3332 142 3391 vis
161 3333 240 3392 initio
256 3331 428 3392 affirmasset
439 3349 498 3392 non
513 3332 653 3392 lecturum
664 3350 697 3391 se
713 3341 876 3392 senatorem
896 3331 951 3390 nisi
972 3330 1044 3391 ciris
1057 3329 1092 3390 lt.

6 3465 17 3480 ,
98 3414 289 3496 abnepotem,
305 3418 389 3476 etiam
406 3417 532 3477 libertini
547 3417 607 3476 lilio
625 3416 736 3495 tribuit,
752 3416 804 3476 sed
819 3415 872 3476 sub
890 3415 1054 3476 conditione
1070 3413 1094 3472 si

6 3535 7 3540 κ
31 3493 39 3504 ’
98 3500 176 3580 prius
194 3500 229 3562 ab
246 3503 342 3581 equite
357 3501 392 3562 R.
410 3501 561 3580 adoptatus
577 3510 670 3572 esset3
694 3520 728 3562 ac
745 3502 788 3562 sic
803 3519 919 3582 quoquc
935 3497 1092 3581 repreben-
