2466 3896
148 195 210 257 136
237 205 268 254 c.
283 203 434 254 susnom
450 203 577 264 mano.
593 204 641 250 nn
657 205 742 251 vrrs
758 204 941 252 cussinum
954 205 1024 253 nm.
1036 205 1104 252 nu.

147 362 252 425 deiude
271 360 404 422 libuisset
431 377 569 436 egressus
598 358 740 436 triclinio,
772 378 836 419 cum
863 360 985 420 maxime
1012 359 1149 437 placitam

147 453 337 520 sevocasset,
367 443 453 522 paulo
471 452 538 521 post
556 442 724 504 recentibus
741 443 834 504 adbuc
854 443 991 504 lasciviae
1005 445 1082 505 notis
1100 463 1149 504 re-

145 550 250 592 versus
268 529 317 589 vel
337 526 471 588 laudabat
488 527 584 606 palam
598 527 647 586 vel
669 528 868 607 vituperabat,
899 527 1013 606 singula
1032 547 1150 588 enume

145 635 214 677 rans
240 614 316 674 bona
337 611 449 672 malave
478 613 610 691 corporis
636 621 722 691 atque
747 613 926 674 concubitus.
971 612 1150 687 Quibusdam

146 701 306 761 absentium
321 696 484 756 maritorum
500 697 615 756 nomine
630 695 780 775 repudium
804 699 870 776 ipse
884 697 977 772 misit,
1006 697 1172 776 iussitques

148 788 176 845 iu
191 793 257 845 acta
273 785 313 844 ita
328 780 443 841 referri.

105 877 138 934 bi
208 865 370 947 Nepotatus
390 862 549 944 sumptibus
571 869 694 925 omnium
716 865 902 944 prodigorum
923 865 1038 942 ingenia
1061 883 1148 943 supe·

145 954 235 1029 ravit,
267 958 445 1012 commentus
464 965 569 1007 uorum
588 946 754 1009 balnearum
774 969 870 1026 mum,
898 948 1149 1030 portentosissima

144 1056 255 1116 genera
278 1034 406 1095 ciborum
428 1041 514 1113 atque
537 1050 705 1111 caeparum,
734 1044 764 1094 ut
784 1033 885 1095 calidis
904 1031 1075 1110 frigidisque
1097 1051 1148 1092 un-

144 1123 260 1200 guentis
282 1120 444 1193 lavaretur,
475 1116 684 1196 pretiosissima
704 1121 861 1195 margarita
882 1126 967 1179 aceto
988 1115 1148 1195 liquefacta
1158 1135 1179 1176 o

146 1206 297 1281 sorberet,
327 1205 459 1264 convivis
489 1219 526 1260 ex
555 1219 625 1261 auro
655 1220 746 1280 panes
773 1211 802 1262 et
827 1203 950 1264 obsonia
972 1209 1148 1279 apponeret,

146 1297 202 1351 aut
219 1289 306 1370 [rupi
326 1287 477 1349 bominem
497 1303 566 1346 esse
580 1293 725 1364 oportere
741 1286 873 1347 dictitans
896 1295 951 1348 aut
966 1284 1146 1348 Gaesarem.

145 1376 221 1451 Quin
243 1384 272 1434 et
292 1389 423 1433 nummos
444 1389 502 1431 nou
521 1369 677 1430 mediocris
691 1388 815 1431 summae
835 1389 852 1430 e
873 1372 990 1450 fastigio
1006 1368 1147 1432 basilicae

143 1459 235 1520 Iuliae
252 1476 306 1537 per
320 1456 429 1536 aliquot
451 1454 513 1514 dies
535 1457 643 1533 sparsit
656 1456 685 1515 iu
703 1454 829 1534 plebem.
872 1455 1037 1517 Fabricarit
1052 1464 1082 1515 et
1098 1453 1145 1514 de·

145 1544 222 1604 ceris
244 1540 412 1602 Liburnicas
440 1541 590 1617 gemmatis
613 1540 773 1620 puppibus,
803 1540 1032 1602 versicoloribus
1060 1538 1175 1613 valiso

145 1644 249 1704 magna
284 1625 456 1684 thermarum
492 1633 522 1682 et
551 1625 710 1702 porticuum
747 1634 776 1685 et
807 1624 997 1686 tricliniorum
1027 1623 1144 1684 laxitate

145 1728 307 1789 magnaque
334 1709 418 1768 etiam
437 1708 535 1766 vitium
564 1716 594 1766 et
610 1709 814 1786 pomiferamm
835 1708 970 1770 arborum
990 1709 1143 1772 varietate:

145 1795 247 1874 quibus
264 1791 447 1853 discumbens
463 1789 499 1851 de
517 1789 564 1850 die
581 1793 656 1851 inter
670 1792 778 1854 choros
798 1812 834 1854 ac
859 1793 1045 1873 symphonias
1060 1790 1146 1850 litora

146 1877 320 1958 Campaniae
345 1884 526 1956 peragraret.
569 1874 602 1936 ln
625 1878 853 1939 extructionibus
873 1877 1083 1957 praetoriorum
1104 1882 1144 1934 at·
1214 1871 1215 1886 ¹

145 1983 201 2044 que
227 1962 374 2040 villarum,
407 1961 483 2021 omni
509 1961 622 2021 ratione
650 1961 827 2041 posthabita,
852 1962 922 2023 nihil
942 1971 998 2022 tam
1024 1958 1176 2019 efficerem

144 2046 373 2127 concupiscebat
395 2065 479 2126 quam
494 2045 571 2125 qnod
587 2063 675 2124 posse
691 2047 769 2107 ellici
783 2056 949 2125 negaretur.
992 2043 1031 2104 Et
1052 2045 1144 2103 iactae

143 2136 240 2213 itaque
264 2132 357 2193 moles
382 2131 489 2191 infesto
516 2148 550 2190 ao
573 2129 715 2210 prolundo
737 2132 825 2207 mari,
856 2140 886 2190 et
909 2130 1027 2190 excisae
1056 2142 1143 2205 rupes

144 2217 285 2277 durissimi
301 2216 405 2293 silicis,
427 2224 456 2274 et
472 2214 566 2294 campi
581 2214 723 2275 montibus
735 2233 847 2292 aggere
865 2214 995 2292 aequati,
1017 2219 1047 2271 et
1067 2227 1142 2269 com·
1213 2208 1214 2271 l

68 2373 73 2378 ,
144 2301 259 2379 planata
271 2299 394 2361 fossuris
413 2300 549 2360 montium
563 2300 645 2376 iuga,
671 2298 831 2360 incredibili
851 2297 964 2377 quidem
983 2295 1142 2365 celeritate,

54 2391 71 2457 ξ,
144 2401 208 2443 cum
222 2400 321 2442 morae
337 2381 423 2461 culpa
437 2385 531 2462 capite
553 2382 690 2443 lueretur.
724 2382 770 2443 Ac
785 2401 821 2443 ue
837 2381 950 2461 singula
969 2395 1176 2453 enumeremus

48 2475 74 2555 ᾗ
143 2469 296 2527 immensas
325 2483 415 2545 opes,
450 2475 598 2546 totumque
634 2466 703 2527 illud
739 2467 782 2529 Ti.
815 2465 951 2529 Caesaris
987 2467 1078 2526 vicies
1111 2480 1145 2522 ac

45 2575 59 2635 g
144 2551 256 2630 septies
270 2549 363 2610 milies
378 2552 540 2610 sestertimn
556 2568 614 2610 nou
629 2559 691 2611 toto
705 2561 837 2612 vertente
855 2569 930 2613 anno
947 2549 1113 2628 absumpsit.
1212 2573 1213 2614 3

48 2622 74 2662 ⁴
100 2642 137 2700 38
205 2633 370 2696 Exhaustus
390 2635 476 2711 igitur
498 2643 584 2713 atque
604 2653 696 2712 egens
717 2634 753 2693 ad
775 2637 891 2715 rapinas
917 2635 1061 2695 convertit
1086 2632 1143 2691 aui·
1212 2615 1213 2637 ¹

141 2738 234 2797 mum,
266 2719 344 2778 vario
365 2727 395 2778 et
412 2719 635 2798 exquisitissimo
659 2718 861 2778 calumniarum
883 2729 913 2778 et
932 2718 1093 2779 auctionum
1115 2723 1144 2772 et

141 2803 328 2882 vectigalium
345 2820 466 2879 genere.
499 2801 635 2880 Negabat
653 2803 716 2862 iure
734 2802 878 2862 civitatem
891 2802 1047 2862 Romanam
1062 2816 1141 2858 usur·
1152 2814 1177 2854 so

142 2907 215 2969 pare
236 2905 304 2963 cos,
334 2905 454 2967 quorum
473 2888 597 2947 maiores
617 2885 672 2946 sibi
693 2888 880 2964 posterisque
909 2903 972 2946 eam
992 2884 1142 2962 impetras·
1211 2945 1212 2956 ,

143 2981 223 3051 seut,
250 2971 344 3032 nisisi
363 2971 413 3033 lilii
434 2981 548 3046 essent,
579 2987 673 3047 neque
699 2972 773 3029 enim
792 2968 924 3047 intellegi
946 2967 1055 3029 dehere
1079 2983 1142 3043 po·
1211 2963 1212 3003 i

143 3067 270 3117 steros
299 3055 373 3117 ultra
397 3055 472 3116 hunc
500 3053 635 3133 gradum;
665 3053 837 3132 prolataque
865 3051 1004 3114 Diuorum
1032 3048 1087 3111 Iuli
1114 3057 1144 3106 et

142 3141 267 3218 Augusti
282 3140 436 3219 diplomata
454 3148 485 3200 ut
500 3148 602 3198 vetera
618 3145 647 3197 et
665 3136 798 3196 obsoleta
813 3137 948 3198 deflebat.
992 3132 1143 3212 Arguebat

143 3237 173 3282 et
194 3242 348 3302 perperam
373 3223 467 3285 editos
487 3241 611 3299 census,
641 3219 743 3299 quibus
770 3231 874 3299 postea
901 3236 1079 3301 quacumque
1106 3215 1175 3275 des

144 3324 231 3366 causa
255 3309 405 3385 quicquam
425 3309 593 3369 incrementi
616 3305 799 3367 accessisset.
843 3303 1023 3368 Testamenta
1046 3301 1141 3381 primi·
1210 3279 1211 3371 Ῐ

144 3389 293 3470 pilarium,
313 3394 360 3467 qui
385 3392 420 3453 ab
437 3394 516 3452 initio
532 3390 630 3451 Tiberi
648 3389 827 3468 principatus
844 3406 938 3469 neque
954 3387 1033 3448 illum
1047 3403 1141 3464 neque
1204 3407 1207 3414 ·

143 3492 177 3533 se
192 3471 328 3532 heredem
349 3475 549 3554 reliquissent,
580 3482 610 3534 ut
630 3474 745 3550 ingrata
767 3472 901 3544 rescidit;
931 3474 997 3532 item
1027 3479 1139 3530 cetero·
