2466 3896
131 201 192 263 tot
211 212 241 261 c.
260 210 411 260 suenoni
426 209 554 269 amno.
569 211 618 260 ns
631 211 715 257 vrrs
729 209 913 258 cmsnnuu
927 212 997 259 crs.
1012 213 1062 260 111.

129 369 320 452 provinciam,
335 365 420 426 alteri
433 366 649 445 praefecturam
661 364 744 426 urbis
755 366 909 426 confestim
922 366 1034 444 detulit,
1050 368 1124 430 codi-

129 454 206 515 cillis
227 469 344 532 quoque
363 449 586 510 iucundissimos
607 460 637 511 et
654 453 778 510 omnium
790 450 927 510 horarum
940 453 1050 512 amicos
1061 470 1125 531 prr»

128 541 235 600 lessus
265 537 363 595 Sestio
377 533 481 612 Gallo,
505 534 661 596 libidinoso
684 552 721 595 ac
746 534 874 614 prodigo
899 537 978 612 seui,
1005 535 1072 596 olim
1090 537 1124 598 ab

125 623 260 699 Augusto
281 621 439 698 ignomima
458 628 560 680 notato
579 629 609 680 et
624 638 641 680 a
656 637 690 680 se
703 629 771 680 aute
787 637 899 700 paucos
912 619 978 682 dies
993 620 1068 700 apud
1081 640 1123 682 se·

126 716 222 766 natum
234 705 389 783 increpito,
404 721 524 766 caenam
534 722 570 764 ea
583 704 652 782 lege
666 704 806 780 condixit,
819 722 858 764 ne
872 704 940 786 quid
954 723 992 766 er
1007 722 1154 766 consuet·

125 791 223 851 tudine
244 791 406 849 immutaret
420 799 468 848 aut
481 789 628 866 demeret,
648 797 738 867 utque
752 788 837 848 nu'dis
850 789 957 868 puellis
969 790 1124 850 ministrare

124 875 201 935 tibus
213 883 394 934 caecaretur.
408 871 623 951 lguotissimum
632 881 806 952 quaesturae
819 873 998 934 candidatum
1010 873 1124 935 nobilis-

125 962 205 1020 simis
223 960 389 1037 anteposuit
404 958 443 1018 ob
459 967 576 1038 epotam
590 960 619 1017 in
636 959 788 1034 convivio,
811 959 984 1038 propinante
999 975 1049 1036 se,
1070 959 1126 1018 uini

126 1044 303 1124 anphoram.
345 1042 463 1103 Asellio
488 1042 598 1103 Sabino
624 1044 761 1102 sestertia
786 1041 910 1103 ducenta
932 1043 1049 1104 donarit
1074 1060 1126 1122 pro

126 1130 264 1206 dialogo,
287 1128 318 1186 in
338 1144 397 1206 quo
411 1127 504 1188 boleti
516 1136 546 1187 et
557 1126 700 1188 ficedulae
714 1136 745 1186 et
761 1134 879 1187 ostreae
894 1135 924 1188 et
942 1126 1017 1186 turdi
1037 1135 1126 1188 certa·
1138 1145 1168 1188 ro

124 1233 191 1275 men
204 1213 367 1274 inclaruerat.
395 1211 511 1273 Novum
524 1211 648 1291 denique
662 1211 791 1272 cilicium
804 1211 927 1272 instituit
943 1230 962 1272 a
975 1210 1126 1292 voluptati·

84 1298 194 1376 labus,
206 1297 378 1378 praeposito
394 1299 491 1377 equite
506 1297 543 1357 R.
556 1297 590 1356 T.
609 1295 755 1356 Caesonio
769 1295 883 1356 Prisco.
915 1297 1044 1356 Secessu
1056 1313 1127 1356 vero

126 1383 288 1463 Capreensi
308 1383 394 1442 etism
414 1380 533 1442 sellaria
552 1382 749 1458 excogitavit,
770 1379 869 1440 sedem
882 1398 1053 1442 arcanarum
1065 1379 1127 1440 libi·

125 1469 235 1541 dinum,
256 1467 287 1524 in
301 1483 386 1544 qnam
399 1465 525 1544 undique
539 1468 711 1544 conquisiti,
725 1464 887 1544 puellarum
899 1473 931 1526 et
946 1464 1130 1526 exoletorum

125 1569 238 1629 greges
256 1550 472 1626 monstrosique
493 1550 664 1610 concubitus
683 1559 869 1630 repertores,
898 1567 973 1628 quos
993 1550 1170 1630 spintriasrs

125 1632 309 1714 appellabat,
331 1633 438 1711 triplici
453 1635 530 1693 serie
546 1635 667 1710 conexi,
690 1636 719 1694 in
732 1636 827 1694 uicem
838 1635 1017 1695 incestarent
1032 1651 1130 1694 coram

125 1721 209 1798 ipso,
224 1726 255 1777 ut
269 1726 391 1796 aspectu
402 1716 565 1778 delicientis
579 1718 715 1779 libidines
727 1721 881 1780 excitaret.
910 1716 1050 1778 contorta
1066 1717 1131 1798 plu·
1215 1787 1216 1792 .

124 1803 253 1862 rilariam
274 1801 417 1881 disposita
432 1800 550 1862 tabellis
564 1821 600 1864 ac
614 1803 720 1881 sigillis
735 1803 990 1864 lascivisstnarun
1004 1803 1130 1883 pictura·
1215 1829 1216 1860 r

124 1905 187 1947 rum
206 1896 237 1946 et
259 1887 414 1964 ligurarum
430 1886 582 1948 adornauit
601 1887 741 1968 librisque
761 1886 964 1968 Elephantidis
984 1888 1131 1964 instruxit,

123 1991 161 2034 ne
177 1973 222 2031 cui
233 1973 263 2030 in
278 1989 370 2050 opera
385 1971 497 2032 edenda
510 1972 661 2051 exemplar
674 1974 833 2051 imperatae
848 1971 985 2032 scbemac
1000 1971 1131 2031 deesset.
1142 1986 1173 2028 ao

123 2055 157 2116 ln
178 2055 261 2116 silvis
282 2073 399 2138 quoque
421 2075 457 2116 ac
480 2056 647 2117 nemoribus
665 2059 773 2137 passim
788 2057 935 2116 Venerios
950 2055 1036 2116 locos
1051 2072 1131 2115 com·
1215 2095 1216 2098 κ

124 2151 237 2202 meatus
251 2150 312 2218 est,
330 2143 546 2220 prostantisque
561 2159 616 2219 per
627 2152 708 2201 antra
723 2151 753 2202 et
767 2159 856 2202 cavas
869 2159 959 2220 rupes
973 2158 1012 2200 ex
1024 2142 1131 2200 utrius·
1215 2137 1216 2140 ’

125 2244 181 2304 que
212 2243 301 2284 sexus
325 2226 401 2305 pube
426 2224 615 2286 Paniscorum
637 2234 666 2284 et
686 2225 883 2304 Nympharum
906 2224 1022 2300 babitu,
1052 2241 1133 2303 quae

125 2311 219 2387 palam
233 2311 288 2369 iarn
301 2319 330 2369 et
343 2311 450 2388 vulgo,
467 2312 581 2370 nomine
592 2309 704 2370 insulae
719 2309 887 2387 abutentes,
905 2307 1133 2388 Caprineum

125 2391 300 2452 dictitabant.
1143 2412 1173 2454 rt

83 2477 118 2530 at
185 2475 296 2536 llaiore
310 2476 404 2537 adbuc
418 2495 454 2537 ac
468 2479 599 2557 turpiore
614 2479 728 2540 infamia
743 2480 894 2557 flagravit,
914 2478 965 2538 vir
978 2487 1009 2536 ut
1022 2477 1135 2536 referri

125 2559 273 2636 audirive,
292 2560 397 2622 nedum
420 2562 499 2622 credi
520 2563 565 2623 las
586 2564 638 2640 sit,
662 2565 744 2643 quasi
765 2581 877 2642 pueros
896 2565 1006 2644 primae
1021 2562 1133 2621 teneri—

124 2644 245 2720 tudinis,
267 2662 341 2722 quos
364 2647 524 2724 pisciculos
539 2647 682 2724 vocabat,
704 2649 884 2725 institueret,
904 2656 936 2707 ut
948 2647 1056 2706 natanti
1070 2643 1133 2705 sibi
1215 2647 1216 2672 ¹

125 2732 200 2789 inter
213 2730 319 2789 femina
332 2740 519 2792 versarentur
531 2749 568 2792 ac
581 2731 723 2809 luderent,
736 2733 835 2810 lingua
848 2748 1004 2810 morsuque
1019 2731 1135 2789 sensim

124 2813 310 2892 adpetentes:
336 2823 423 2893 atque
448 2817 535 2875 etiam
561 2818 644 2895 quasi
669 2817 794 2876 infantes
817 2818 978 2892 firmiores,
1004 2813 1175 2874 necdumao

124 2907 219 2959 tamen
237 2899 314 2959 lacte
331 2899 488 2978 depulsos,
510 2902 619 2978 inguini
635 2918 689 2961 ceu
705 2900 833 2980 papillae
852 2901 1036 2968 admoveret;
1056 2915 1134 2978 pro—

125 2985 188 3042 nior
209 3001 279 3044 sane
303 2983 339 3044 ad
360 2983 390 3043 id
409 3001 504 3060 genus
522 2983 649 3044 libidinis
671 2994 702 3044 et
723 2994 823 3046 natura
843 2995 873 3046 et
893 2993 998 3046 aetate.
1028 2983 1135 3058 Quare

124 3065 238 3127 Parrasi
253 3086 370 3147 quoque
384 3067 525 3144 tabulam,
541 3071 570 3128 in
587 3088 642 3148 qua
655 3068 809 3146 Meleagro
823 3069 958 3130 Atalanta
971 3085 1024 3128 ore
1038 3067 1135 3127 mori⁶

125 3160 258 3227 geratur,
274 3152 401 3230 legatam
414 3150 470 3212 sibi
484 3153 537 3212 sub
553 3153 738 3230 conditione,
757 3163 789 3213 ut
805 3156 831 3213 si
846 3160 1016 3232 argumento
1035 3151 1135 3211 offen-

125 3233 241 3293 deretur
252 3235 352 3296 decies
363 3254 418 3316 pro
432 3255 466 3297 ea
478 3239 807 3317 sestertiumacciperet,
815 3255 873 3299 non
882 3236 968 3298 modo
978 3235 1135 3316 praetulit,
1146 3258 1177 3300 aa

125 3314 178 3375 sed
204 3326 234 3376 ct
253 3319 282 3378 in
305 3320 439 3381 cubiculo
465 3321 619 3382 dedicavit.
651 3321 755 3381 Fertur
778 3324 863 3382 etiam
883 3324 913 3381 in
932 3317 1135 3382 sacrificando

126 3399 268 3478 quondam
285 3412 386 3480 captus
402 3404 478 3465 facie
494 3406 614 3464 ministri
630 3424 760 3466 acerram
777 3406 970 3485 praeferentis
988 3403 1135 3484 nequisse

125 3481 288 3560 abstinere,
307 3488 373 3564 quin
389 3504 482 3565 paene
497 3488 615 3548 vixdum
630 3507 664 3548 re
676 3488 771 3550 dirin'a
781 3498 903 3569 peracta
912 3486 1018 3549 ibidem
1030 3489 1135 3547 statim
1215 3541 1216 3551 ,
