2466 3896
134 217 176 278 94
207 227 237 276 c.
253 227 400 276 sonnonr
415 227 541 288 ranno.
557 227 605 274 nn
619 227 702 276 mun
718 228 900 277 cnnsnnnm
915 231 984 278 nra.
999 231 1049 278 111.

135 382 251 464 peculio
263 381 387 442 referret
401 390 532 461 accepta.
552 379 630 442 Nihil
644 402 682 443 ex
696 401 732 444 eo
747 392 879 463 tempore
893 386 1126 462 praetermissum

136 476 181 528 est
196 466 231 526 ad
243 467 420 526 maiestatem
437 467 498 525 eius
514 467 684 545 augendam,
697 486 731 528 ac
745 468 833 528 multo
849 469 943 545 magis
954 478 1021 548 post
1033 487 1124 551 quanq
1223 509 1224 564 p

135 551 269 630 Agrippa
284 547 415 609 abdicato
431 559 516 628 atque
532 553 675 630 seposito,
691 561 800 612 certum
816 561 888 628 erat,
905 552 952 611 uni
966 570 1049 632 spem
1061 571 1124 612 suc·
1223 605 1224 620 ,

93 644 126 699 16
136 634 277 697 cessionis
297 633 477 702 incumbere;
501 633 565 694 data
579 653 678 695 rursus
692 644 821 716 potestas
835 634 985 698 tribunicia
1001 639 1028 696 in
1045 637 1124 716 quin·
1223 631 1224 708 ζ

134 719 303 799 quennium,
321 716 471 794 delegatus
488 718 635 797 pacandae
652 719 820 781 Germaniae
836 727 941 798 status,
957 720 1148 786 Parthorume
1223 727 1224 770 l

132 804 236 880 legati,
251 801 389 861 mandatis
405 800 538 878 Augusto
552 802 663 863 Romae
676 803 810 881 redditis,
833 820 897 863 eum
913 821 1028 884 qnoque
1046 803 1125 864 adire
1223 779 1224 842 l

133 888 161 946 in
184 887 334 964 provincia
354 887 431 945 iussi.
463 885 521 945 Sed
543 889 667 948 nuntiata
686 886 795 962 lllyrici
816 886 994 964 deiectione,
1015 889 1126 948 transiit

133 969 169 1030 ad
186 988 282 1031 curam
296 970 365 1029 novi
378 969 449 1037 belli
455 1015 464 1047 ,
480 969 572 1047 qnod,
586 973 785 1048 gravissimum
801 972 923 1032 omnium
940 980 1125 1031 externorum

132 1053 277 1114 bellorum
291 1063 360 1132 post
373 1053 493 1130 Punica,
510 1072 564 1132 per
579 1055 739 1133 quindecim
754 1056 888 1133 legiones
904 1072 1061 1134 paremque
1076 1072 1123 1114 au·
1222 1055 1224 1082 ⁴

132 1137 266 1198 xiliorum
281 1139 394 1217 copiam
409 1137 530 1198 triennio
546 1140 648 1216 gessit,
661 1140 689 1198 in
701 1141 812 1217 magnis
828 1140 950 1200 omnium
963 1156 1058 1198 rerum
1071 1137 1123 1197 dil·
1136 1153 1159 1194 sc
1223 1211 1224 1222 ἵ

133 1221 305 1283 licultatibus
328 1239 493 1301 summaque
514 1222 628 1298 frugum
647 1225 754 1301 inopia.
780 1221 819 1283 Et
835 1241 994 1302 quanquam
1008 1223 1124 1301 saepius
1223 1269 1224 1306 3

133 1314 331 1383 revocaretur,
346 1315 439 1366 tamen
456 1307 665 1385 perseveravit,
680 1317 810 1368 metuens
821 1325 858 1366 ne
873 1309 983 1368 vicinus
998 1315 1027 1366 et
1040 1323 1123 1385 prae·

133 1390 234 1450 valens
259 1389 350 1450 hostis
376 1388 495 1450 instaret
514 1389 587 1450 ultro
611 1391 788 1451 cedentibus.
820 1390 866 1450 Ac
890 1391 1124 1470 perseverantiae
1223 1393 1224 1470 l

132 1474 242 1553 grande
256 1475 376 1552 pretium
390 1474 462 1551 tulit,
473 1481 535 1534 toto
547 1473 674 1554 Illyrico,
690 1474 767 1554 qnod
782 1477 857 1535 inter
867 1474 977 1536 Italiam
991 1491 1122 1552 regnum·
1223 1489 1224 1514 ³

133 1575 190 1636 que
203 1557 340 1617 Noricum
356 1564 385 1616 et
401 1556 550 1617 Thraciam
567 1567 595 1618 et
608 1557 805 1620 llaoedoniam
819 1559 950 1637 interque
965 1556 1123 1617 Danubium
1133 1573 1158 1615 ιι

133 1641 238 1700 flumen
253 1649 283 1700 et
297 1641 387 1699 sinum
401 1642 486 1700 maris
497 1639 652 1703 Hadriatici
664 1651 752 1721 patet,
768 1641 929 1721 perdomito
944 1652 974 1702 et
989 1642 1018 1701 in
1033 1640 1123 1700 dicio·

93 1727 123 1784 17
133 1742 198 1784 nem
219 1722 349 1784 redacto.
391 1722 444 1784 Gui
464 1722 575 1802 gloriae
597 1726 719 1805 amplior
739 1725 831 1787 adhuc
851 1745 889 1786 ex
910 1726 1123 1805 opportunitate

134 1807 262 1868 cumulus
280 1809 413 1868 accessit.
444 1808 516 1868 Nam
539 1808 590 1868 sub
612 1809 639 1868 id
654 1810 716 1870 fere
730 1821 844 1888 tempus
859 1809 1011 1884 Quintilius
1029 1811 1124 1869 Varus

134 1910 196 1952 cum
215 1891 307 1952 tribus
323 1891 488 1968 legionibus
511 1894 540 1951 in
558 1892 708 1954 Germania
729 1895 829 1974 periit,
851 1895 963 1953 nemine
977 1891 1122 1953 dubitante

133 1979 200 2054 quin
220 1976 346 2036 victores
361 1975 492 2036 Germani
513 1976 634 2038 iuncturi
650 1997 682 2038 se
697 1977 852 2038 PannoniIs
867 1977 984 2054 fuerint,
1004 1975 1059 2035 nisi
1073 1973 1120 2035 dc·
1130 1988 1156 2030 tc

131 2059 268 2121 bellatum
294 2061 372 2139 prius
394 2059 540 2136 Illyricum
565 2070 652 2121 esset.
684 2062 762 2137 Quas
788 2061 824 2122 ob
849 2080 896 2120 res
917 2059 1075 2137 triumphus
1096 2058 1123 2116 ei

132 2145 266 2206 decretus
291 2153 351 2221 est,
372 2145 507 2224 multique
523 2153 552 2205 et
564 2146 659 2222 magni
674 2145 810 2206 honores.
840 2144 1019 2206 censuerunt
1037 2143 1123 2202 etiam
1223 2203 1224 2224 ,

133 2229 245 2309 qnidam
264 2237 294 2288 nt
308 2228 503 2306 Pannonicus,
525 2229 572 2288 alii
591 2239 622 2289 nt
636 2228 778 2307 Invictus,
799 2228 927 2288 nonnulli
942 2237 972 2287 ut
988 2226 1056 2286 Pius
1073 2241 1121 2284 co·
1223 2233 1224 2282 l

132 2315 353 2390 gnominaretur.
381 2313 440 2373 Sed
464 2313 500 2372 de
520 2315 691 2390 cognomine
712 2312 875 2374 intercessit
894 2312 1059 2390 Augustus,
1085 2325 1121 2368 eo
1223 2345 1224 2382 ι

134 2404 296 2455 contentum
310 2397 528 2474 repromittens,
543 2396 619 2476 qnod
634 2414 666 2456 se
681 2397 815 2457 defuncto
832 2405 1018 2474 suscepturus
1033 2400 1121 2455 esset.
1131 2409 1156 2452 aa

133 2477 315 2557 Triumphum
334 2480 399 2557 ipse
416 2479 538 2558 distulit,
563 2488 671 2541 maesta
688 2482 803 2541 civitate
819 2480 902 2541 clade
917 2481 1056 2548 Variana;
1082 2477 1121 2536 ni-

132 2560 191 2622 hilo
217 2563 307 2621 minus
327 2562 427 2622 urbem
447 2572 642 2641 praetextatus
664 2573 693 2624 et
713 2565 812 2625 laurea
834 2573 988 2625 coronatus
1009 2562 1124 2621 intravit

132 2645 315 2726 positumque
335 2647 364 2706 in
378 2647 492 2725 Saeptis
512 2647 647 2725 tribunal,
670 2658 770 2708 senatu
790 2656 919 2725 astante,
943 2644 1122 2720 conscendit,

133 2748 168 2792 ac
192 2729 302 2790 medius
327 2731 401 2791 inter
427 2730 498 2790 duos
526 2732 660 2792 consules
684 2750 747 2792 cum
770 2730 902 2808 Augusto
925 2729 1007 2790 simul
1032 2727 1120 2796 sedit;

132 2815 220 2889 unde,
237 2813 347 2893 populo
364 2813 552 2893 consalutato,
569 2817 674 2876 circum
689 2815 796 2894 templa
811 2815 950 2876 deductus
966 2822 1020 2872 est.
1131 2819 1157 2861 ³⁰

92 2893 161 2963 las
196 2897 331 2958 Proximo
359 2916 433 2958 anno
453 2902 577 2976 repetita
599 2897 763 2976 Germania,
791 2918 853 2958 cum
883 2897 1123 2958 animadverteret

132 2982 284 3043 Varianam
305 2980 416 3042 cladem
439 2984 599 3044 temeritate
621 2991 651 3042 et
669 2983 857 3060 neglegentia
872 2981 954 3043 ducis
968 2979 1122 3056 accidisse,

131 3066 199 3125 nihil
221 3083 280 3126 non
301 3064 337 3126 de
357 3067 470 3126 consilii
487 3068 627 3127 sententia
642 3067 716 3144 cgit;
739 3085 855 3145 semper
865 3066 941 3126 alias
956 3065 999 3125 sui
1014 3063 1123 3124 arbitrii

133 3156 340 3229 contentusque
355 3168 388 3210 se
403 3168 477 3228 unc,
498 3159 565 3212 tunc
582 3159 698 3229 praeter
713 3149 947 3211 consuetudinem
964 3167 1026 3210 cum
1044 3165 1121 3208 ccm-
1172 3177 1173 3182 1
1223 3189 1224 3210 ι

132 3231 260 3309 pluribus
276 3233 312 3293 de
327 3235 437 3295 ratione
449 3233 519 3294 belli
532 3235 757 3296 communicavit.
783 3234 887 3296 Gnram
902 3251 1018 3313 quoque
1033 3231 1122 3292 sclito
1132 3248 1160 3292 aa

133 3314 309 3376 exactiorem
324 3319 473 3397 praestitit.
500 3318 682 3380 Traiectnrus
698 3317 844 3395 Rhenum,
862 3326 1048 3380 commeatum
1063 3333 1122 3376 om·

132 3415 197 3457 nem
221 3397 257 3456 ad
286 3408 393 3460 certam
418 3402 566 3463 formulam
593 3400 756 3462 adstrictum
780 3420 838 3462 non
863 3411 928 3462 ante
956 3399 1123 3477 transmisit,
1223 3431 1224 3436 κ

133 3498 216 3560 quam
237 3483 398 3544 consistens
413 3484 488 3564 apud
502 3487 592 3565 ripam
610 3484 794 3567 explorasset
807 3485 1004 3546 vehiculorum
1021 3502 1123 3560 onera,
1202 3545 1224 3566 ,Ν
