2468 3912
132 213 186 282 26,
217 225 247 274 c.
263 223 412 273 sunuour
430 222 557 282 annuo.
573 222 621 268 nu
637 221 720 269 vrrs
736 219 920 270 cassanum
935 222 1004 269 mn.
1020 222 1043 269 1.

133 381 236 443 sendas
262 381 369 440 frustra
392 397 482 458 saepe
508 379 649 454 misisset,
676 377 833 438 novissime
856 377 921 456 ipse
946 376 1020 438 clam
1041 387 1135 438 noctu

133 464 282 547 parvulum
296 464 442 540 nauigium
456 462 535 522 solus
551 461 691 522 obvoluto
711 463 807 541 capite
824 461 1011 539 conscendit,
1033 479 1134 541 neque

133 560 179 611 ant
200 550 263 628 quis
283 557 361 607 esset
381 557 447 607 ante
464 546 573 608 detexit
590 555 638 607 aut
657 545 882 624 gubernatorem
899 545 1006 606 cedere
1027 545 1134 606 adver·

90 644 124 698 59
134 652 184 695 sae
199 634 362 712 tempestati
378 650 481 711 passus
497 640 557 708 est,
572 648 654 710 quam
670 649 763 710 paene
780 629 899 690 obrutus
914 629 1056 690 lluctibus.
1085 630 1133 690 No
1221 635 1222 642 ’

131 719 277 796 religione
291 716 404 795 quidem
419 715 476 777 ulla
492 734 508 776 a
524 733 667 794 quoquam
678 716 797 794 incepto
813 713 983 775 absterritus
998 733 1157 794 umquama

131 802 179 862 vel
201 800 361 861 retardatus
383 809 437 860 est.
480 799 551 860 Cum
572 798 728 860 immolanti
750 798 912 876 aufugisset
927 799 1037 876 hostia,
1062 818 1132 877 pro·

131 888 288 948 lectionem
310 885 448 945 adversus
466 885 634 964 Scipionem
656 892 686 942 et
708 882 806 943 lubam
825 901 883 944 non
908 883 1025 943 distulit.
1059 883 1132 944 Pro·

132 971 229 1050 lapsus
245 972 329 1030 etiam
344 971 373 1028 in
388 987 511 1046 egressu
525 970 623 1045 navis,
645 985 733 1027 verso
751 967 786 1027 ad
800 967 901 1027 melius
917 969 1012 1028 omine
1032 967 1131 1031 Teneo

132 1061 176 1131 tc,
192 1057 296 1133 inquit,
312 1051 436 1132 Africo.
470 1053 517 1113 Ad
532 1051 688 1112 eludendas
705 1061 798 1112 autem
814 1053 1052 1130 vaticinationes,
1068 1055 1131 1132 qui·

131 1138 184 1199 bus
199 1139 272 1199 lelix
286 1148 316 1199 et
334 1141 470 1199 invictum
487 1140 515 1198 in
533 1156 568 1197 ea
585 1137 736 1216 provincia
751 1136 878 1196 lataliter
894 1137 1063 1216 Scipionum
1078 1152 1169 1197 no·1o

130 1241 195 1284 men
221 1223 385 1301 ferebatur,
412 1223 662 1302 despectissimum
692 1220 833 1300 quendam
862 1239 901 1280 ex
926 1219 1132 1282 Corneliorum

131 1330 257 1391 genere,
281 1313 326 1371 cui
348 1309 383 1370 ad
405 1305 593 1388 opprobrium
612 1307 689 1365 vitae
707 1304 849 1365 Saluitoni
870 1323 1034 1384 cognomen
1055 1315 1131 1385 erat,

131 1401 160 1458 in
176 1397 279 1457 castris
292 1412 391 1454 secum
406 1392 513 1453 babuit.

89 1493 124 1546 60
194 1478 309 1541 Proelia
324 1495 382 1537 non
398 1486 504 1536 tantum
519 1476 679 1551 destinato,
703 1473 755 1534 sed
771 1493 809 1534 ex
824 1475 983 1535 occasione
999 1473 1131 1535 sumebat
1221 1523 1222 1560 ,

132 1582 167 1623 ac
186 1580 275 1641 saepe
292 1561 328 1622 ab
345 1563 449 1620 itinere
468 1562 578 1636 statim,
600 1559 741 1620 interdum
756 1560 951 1639 spurcissimis
972 1566 1128 1638 tempesta·
1140 1579 1167 1621 sa

131 1646 221 1722 tibus,
243 1664 306 1705 cnm
329 1646 443 1704 minime
463 1646 526 1723 quis
543 1653 684 1703 moturum
700 1652 828 1723 putaret;
852 1661 908 1703 nec
923 1644 977 1702 nisi
995 1651 1130 1722 tempore

132 1739 263 1792 extremo
288 1728 322 1789 ad
344 1729 531 1788 dimicandum
553 1730 713 1788 cunctatior
730 1728 823 1787 lactus
846 1735 905 1803 est,
932 1744 988 1806 quo
1011 1728 1130 1806 saepius

131 1815 267 1892 vicisset,
289 1813 347 1873 boo
368 1815 458 1872 minus
475 1812 670 1892 experiendos
687 1830 771 1872 casus
790 1813 928 1891 opinans,
949 1811 1078 1891 nihilque
1095 1828 1129 1870 se
1214 1833 1217 1839 ·

131 1907 237 1959 tanturn
258 1898 462 1977 adquisiturmn
481 1898 621 1974 victoria,
638 1906 782 1976 quantum
797 1896 861 1933 *⁴²*
879 1890 1019 1978 [auferre
1040 1894 1127 1956 eulu-

131 1982 223 2044 mitus
235 1988 352 2062 posset.
391 1980 515 2043 Nullum
529 1977 684 2064 umquam]
700 1981 814 2042 bostem
835 1979 922 2056 fudit,
940 1981 1007 2058 quin
1025 1981 1165 2039 castrisue

132 2085 246 2147 qnoque
261 2076 395 2128 exueret:
415 2069 454 2127 ita
468 2067 574 2127 nullum
591 2069 713 2146 spatium
727 2065 891 2145 perterritis
906 2063 1000 2124 dabat.
1038 2064 1127 2123 Anci·

131 2153 183 2234 piti
203 2152 318 2231 proelio
339 2169 430 2232 equos
448 2149 606 2211 dimittebat
626 2160 655 2211 et
676 2152 706 2210 in
728 2151 827 2229 primis
844 2166 940 2225 suum,
963 2165 1020 2226 quo
1035 2149 1129 2208 maior

132 2237 316 2315 permanendi
347 2238 508 2296 necessitas
534 2237 732 2315 imponeretur
760 2233 868 2294 auxilio
895 2233 982 2310 lugae
1012 2242 1128 2311 erepto.

22 2383 26 2390 ,
90 2319 273 2381 ordiebatur
293 2329 386 2380 autem
407 2337 481 2399 eqno
502 2321 624 2397 insigni,
648 2317 770 2398 pedibus
792 2335 887 2397 prope
902 2316 1030 2376 bumanis
1049 2325 1079 2376 et
1098 2317 1129 2376 in

132 2401 245 2462 modum
260 2402 414 2480 digitorum
428 2402 541 2481 ungulis
561 2405 653 2481 fissis,
676 2420 759 2482 quem
780 2411 876 2462 uatum
896 2401 971 2480 apud
990 2419 1038 2478 se,
1063 2419 1163 2463 cumas

132 2487 300 2563 haruspices
315 2487 464 2566 imperium
481 2488 560 2547 orbis
575 2497 672 2548 terrae
687 2487 852 2563 significare
868 2485 984 2546 domino
1000 2502 1126 2564 pronun·

132 2571 267 2645 tiassent,
292 2587 395 2647 magna
418 2588 485 2631 cura
510 2572 579 2632 aluit
603 2590 659 2632 uec
680 2573 836 2650 patientem
857 2571 984 2630 sessoris
1008 2568 1128 2629 alterius
1221 2575 1222 2652 l

131 2655 238 2734 primus
254 2654 397 2723 ascendit;
421 2657 500 2714 cuius
521 2657 607 2716 etiam
627 2659 716 2716 instar
731 2673 785 2735 pro
801 2655 874 2715 aede
893 2654 1017 2714 Veneris
1033 2653 1126 2714 Gene·
1221 2663 1222 2670 ’

89 2742 123 2795 62
132 2740 212 2800 tricis
230 2745 334 2816 postea
350 2737 502 2798 dedicarit.
538 2738 704 2801 lnclinatam
723 2741 815 2799 aciem
836 2738 917 2799 solus
937 2755 1027 2817 saepe
1042 2739 1126 2798 resti·

130 2826 181 2883 tuit
206 2821 350 2882 obsistens
371 2821 547 2900 fugientibus
569 2825 754 2903 retinensque
778 2822 910 2900 singulos
932 2831 961 2881 et
983 2824 1123 2882 contortis
1134 2835 1161 2878 ao
1221 2829 1222 2840 ¹

130 2905 259 2967 lancibus
288 2915 462 2967 convertens
484 2909 513 2967 in
536 2907 649 2968 bostem
668 2917 697 2968 et
720 2907 833 2987 quidem
856 2905 930 2971 adeo
954 2904 1124 2985 plerumque

130 2990 276 3071 trepidos,
302 3000 333 3050 ut
358 2991 491 3069 aquilifer
516 2995 636 3052 moranti
661 3010 694 3051 se
717 2991 837 3071 cuspide
861 2992 899 3050 sit
925 2991 1123 3068 comminatus,

88 3073 201 3143 sanlius
218 3076 247 3133 in
266 3093 347 3135 manu
368 3075 520 3136 detinentis
541 3076 690 3155 reliquerit
710 3077 830 3153 signum.
863 3074 929 3134 Non
948 3076 1059 3135 minora
1074 3074 1125 3134 illa
1215 3071 1222 3134 a

132 3161 308 3218 constantiae
329 3162 407 3236 eius,
430 3161 515 3220 immo
536 3162 644 3221 maiora
666 3160 751 3218 etiam
768 3159 873 3218 indicia
895 3159 1011 3218 luerint.
1053 3158 1124 3219 Post

129 3241 220 3301 aciem
235 3240 426 3304 Pharsalicam
447 3263 510 3304 cum
530 3245 696 3323 praemissis
718 3245 746 3302 in
762 3243 861 3303 Asiam
883 3243 977 3322 copiis
998 3260 1051 3321 per
1074 3259 1158 3304 anos

128 3324 238 3399 gustias
253 3323 434 3405 Hellesponti
455 3329 587 3389 vectoria
607 3327 739 3388 naucula
760 3329 914 3402 traiceret,
937 3325 969 3385 L.
991 3323 1122 3394 Cassium
1221 3357 1222 3364 κ

128 3407 218 3486 partis
235 3405 373 3468 adversae
391 3429 453 3470 cum
469 3412 571 3471 decern
585 3413 717 3471 rostratis
735 3410 855 3470 navibus
871 3408 987 3470 obvium
1001 3409 1056 3469 sibi
1072 3428 1122 3468 ne·

129 3509 184 3568 que
199 3489 307 3566 refugit
322 3498 350 3549 et
368 3497 522 3554 comminus
537 3494 675 3569 tendens,
692 3493 768 3553 ultro
788 3492 823 3551 ad
838 3491 1011 3552 deditionem
1025 3493 1122 3554 borta-
1218 3463 1222 3544 i
