2450 3910
553 211 658 261 nuno.
1036 205 1093 266 195

99 377 128 429 et
141 377 207 429 ante
218 368 322 428 faciem
335 377 455 448 optento
468 369 583 430 sudario
596 385 702 448 equum
712 368 865 450 inscendit,
876 379 1011 450 quattuor
1022 372 1095 433 solis

101 451 332 530 com1tant1bus,
323 461 515 531 mterquoset
523 454 635 531 Sporus
644 463 716 514 erat
738 455 896 536 Statimque
904 464 1028 516 tremore
1037 465 1093 516 ter

7 577 16 595 ι
100 535 308 614 raeetiulgure
318 535 443 597 adverso
458 537 638 617 pavefactus,
653 537 740 598 audiit
754 539 1094 618 eproximiscastriscla·

100 638 210 682 morem
221 621 338 682 militum
351 631 380 681 et
392 621 447 682 sibi
459 621 581 683 adversa
593 631 622 682 et
629 620 739 683 Galbae
751 625 1094 703 prosperaomiuautinm,

75 707 185 766 setiam
204 724 241 766 ex
260 705 354 767 obviis
371 706 531 768 viatoribus
556 705 695 785 quendam
714 707 870 768 dicentem:
889 707 931 768 tte
944 707 1096 770 Neronem

98 796 335 868 persequuntur,
351 789 435 850 alium
447 791 658 851 sciscitantem:
674 787 799 870 Ecquid
820 792 852 853 tn
872 791 950 853 urhe
971 794 1044 855 acci
1057 793 1096 854 de

61 871 245 952 „Nerooei
267 873 351 953 liquo
366 883 460 934 autem
472 893 510 936 ex
523 875 615 936 odore
627 875 732 935 abiecti
747 877 776 935 iu
791 875 838 936 via
856 876 1006 938 cadaveris
1026 896 1094 939 con·

100 967 240 1036 sternuto,
255 957 370 1018 detecta
385 959 461 1020 facie
474 961 586 1037 agnitus
598 970 673 1020 esta
691 959 816 1038 quodam
833 962 961 1023 missicio
981 972 1095 1040 praeto·

58 1093 63 1100 .
99 1042 180 1103 riano
192 1043 379 1103 etsalntatus.
412 1043 451 1106 Ut
473 1044 508 1104 ad
526 1044 734 1104 deverticulum
753 1053 868 1106 ventum
887 1053 947 1122 est,
972 1045 1095 1105 dimissis

64 1137 89 1178 1⁰
100 1127 193 1206 cquis,
205 1127 279 1186 inter
290 1126 424 1188 fruticeta
437 1146 471 1188 ac
482 1146 589 1208 vepres
602 1146 656 1207 per
667 1128 847 1189 harundineti
859 1131 988 1190 semitam
1004 1147 1094 1207 aegre

99 1229 154 1271 nec
166 1213 219 1270 nisi
232 1219 320 1270 strata
332 1211 384 1270 sub
396 1211 521 1291 pedibus
533 1221 616 1272 veste
637 1213 673 1274 ad
693 1231 827 1274 aversum
849 1213 936 1274 villae
955 1214 1093 1292 parietem

100 1296 201 1355 evasit.
219 1294 262 1354 lbi
273 1293 407 1356 hortante
419 1295 521 1356 eodem
533 1295 672 1374 Phaonte,
685 1305 715 1356 ut
726 1299 838 1358 interim
847 1299 876 1357 iu
888 1315 1008 1376 specum
1023 1315 1093 1374 ege·

99 1389 161 1440 stae
174 1377 299 1438 harenae
313 1379 489 1440 concederet
498 1383 637 1456 ,negavit
648 1398 683 1441 ee
698 1381 800 1442 vicum
820 1380 878 1442 aab
901 1388 1017 1442 terrum
1034 1381 1091 1441 ito-

98 1479 182 1537 mm,
200 1480 235 1523 ac
250 1480 404 1543 parumper
422 1473 629 1542 commoratus,
648 1465 713 1525 dum
733 1465 927 1526 clandestinus
945 1465 980 1526 ad
996 1465 1094 1525 villam

61 1547 231 1607 tsintroitus
247 1557 407 1626 pararetur,
427 1566 528 1627 aquam
545 1567 583 1608 ex
599 1549 729 1610 subiecta
751 1549 853 1610 lacuna
873 1559 993 1629 poturus
1011 1568 1094 1610 manu

97 1629 191 1692 hausit
209 1628 336 1693 etlloec
350 1638 411 1710 eet,
434 1634 542 1710 inquit,
560 1630 695 1695 Neronis
715 1633 862 1695 decoctu!
884 1633 966 1712 dein,
982 1635 1095 1694 divolsa

98 1713 228 1776 sentrbns
240 1715 371 1793 paenula,
382 1717 522 1777 trauectos
533 1717 667 1778 surculos
677 1719 757 1778 rasrt
780 1718 896 1797 Atque
888 1728 927 1780 uta
937 1719 1094 1798 quadrupes

7 1843 8 1846 ,
98 1817 154 1878 per
167 1800 313 1875 angustias
326 1801 452 1862 eliossae
469 1819 611 1861 cavernae
622 1803 781 1881 receptus
773 1821 801 1862 m
814 1803 1093 1902 proximamcellam,

9 1877 19 1892 '
99 1881 234 1942 decubuit
246 1883 451 1961 superlectum
462 1884 576 1944 modica
589 1885 703 1983 culcita,
715 1894 816 1946 vetere
829 1887 917 1965 pallio
932 1895 1039 1964 strato,
1053 1888 1094 1946 iu-

58 1979 86 2020 2⁰
99 1974 253 2036 structum
279 1967 412 2046 fameque
432 1976 461 2028 et
481 1970 582 2028 iterum
601 1968 647 2028 siti
665 1969 883 2048 interpellante,
910 1988 1014 2049 panem
1033 1970 1093 2048 qui·

98 2051 164 2112 dem
182 2049 328 2111 sordidum
345 2051 472 2112 oblatum
490 2061 662 2131 aspernatus
680 2062 741 2130 est,
761 2070 854 2130 aquae
872 2061 966 2113 autem
978 2053 1093 2132 tepidae

99 2133 274 2214 aliquantum
285 2134 365 2194 bibit.
387 2133 468 2198 Tunc
478 2153 535 2196 uno
549 2153 665 2216 quoque
677 2136 745 2196 hinc
756 2135 822 2196 inde
832 2136 956 2197 instante
967 2147 997 2196 ut
1009 2154 1093 2216 quam
1102 2142 1135 2198 te

99 2219 220 2298 primum
233 2237 266 2279 se
282 2218 510 2298 impendentibus
528 2220 710 2282 contumeliis
728 2219 866 2300 eriperet,
885 2220 1021 2282 scrobem
1044 2237 1092 2281 co-

97 2321 160 2364 ram
175 2303 238 2364 fleri
250 2303 411 2382 imperavit,
428 2303 571 2364 dimensus
583 2304 619 2364 ad
633 2304 768 2385 corporis
780 2305 824 2364 sui
834 2304 996 2384 modulum,
1014 2323 1092 2368 com·

59 2404 86 2444 es
98 2389 227 2468 ponique
239 2387 332 2464 simul,
346 2389 370 2448 si
384 2405 439 2466 qua
450 2389 656 2466 invenirentur,
668 2387 759 2449 frusta
771 2392 936 2468 marmoris,
950 2400 979 2451 et
990 2409 1093 2469 aquam

97 2472 181 2533 simul
195 2489 232 2532 ac
243 2471 320 2550 ligna
335 2471 461 2532 conferri
474 2471 601 2534 curando
613 2491 682 2534 mox
694 2471 839 2552 cadaveri,
852 2474 925 2535 heus
936 2474 1091 2554 adsiugula

96 2565 185 2634 atque
197 2554 351 2616 identidem
363 2555 511 2616 dictitans:
526 2555 638 2630 Qualis
653 2556 773 2635 artifeo
785 2561 903 2637 pereo!

158 2638 237 2699 luter
248 2657 344 2701 moras
363 2639 492 2718 perlatos
505 2658 521 2700 a
535 2659 656 2702 cursore
668 2642 789 2703 Phaonti
808 2644 963 2704 codicillos
983 2645 1090 2722 praeri-

97 2725 159 2802 puit
170 2723 308 2803 legitque,
321 2729 356 2784 se'
367 2723 480 2785 hostem
494 2743 511 2785 a
522 2735 623 2786 senatu
635 2726 938 2806 iudicatumetquaeri,
950 2735 980 2788 ut
992 2729 1090 2806 punia-

59 2815 85 2856 30
96 2815 143 2866 tur
153 2825 240 2874 more
249 2807 410 2884 maiorum,
427 2809 674 2890 interrogavitque
687 2811 772 2889 quale
784 2810 812 2871 id
823 2830 916 2889 genus
928 2821 1007 2872 esset
1019 2829 1090 2891 poe·
1186 2857 1190 2866 .

95 2909 167 2960 nae;
181 2898 210 2951 et
223 2911 286 2953 cum
299 2894 502 2971 comperisset,
515 2893 580 2954 nudi
593 2894 716 2956 hominis
728 2897 873 2957 cervicem
885 2897 972 2958 inseri
980 2895 1089 2973 furcae,

96 2993 205 3053 corpus
217 2978 307 3054 virgis
319 2976 354 3037 ad
366 2994 468 3038 necem
480 2977 572 3056 caedi,
586 2979 839 3040 conterrituednos
848 2981 1002 3059 pugiones,
1017 2997 1090 3058 quos

95 3078 194 3120 secum
212 3061 367 3140 extulerat,
387 3063 515 3141 arripuit,
535 3073 727 3143 temptataque
746 3064 892 3144 utriusque
910 3064 974 3124 acie
991 3082 1090 3125 rursus

96 3144 238 3222 condidit,
256 3156 388 3208 causatus
399 3146 532 3209 nondum
546 3147 794 3226 odessefotuiem
805 3148 937 3219 horom,·
957 3166 991 3209 ac
1002 3148 1090 3210 modo

59 3239 85 3282 tt
96 3230 223 3308 Sporum
236 3230 403 3292 hortabatur
414 3240 444 3291 ut
455 3231 603 3293 lamentari
621 3251 656 3295 ac
673 3232 815 3312 plangere
832 3235 984 3312 inciperet,
1003 3232 1089 3294 modo

95 3313 199 3375 orabat
210 3325 239 3374 ut
252 3335 285 3376 se
297 3316 399 3395 aliquis
412 3315 447 3376 ad
457 3326 578 3378 mortem
596 3315 805 3396 capessendam
819 3317 972 3396 exemplo'
963 3325 1089 3385 mvaret;

9 3439 10 3442 ,
95 3398 235 3459 interdum
248 3403 401 3478 segnitiem
418 3419 497 3460 suam
514 3400 558 3461 his
575 3401 673 3462 verbis
691 3401 875 3481 increpabat:
897 3400 970 3464 Vivo
985 3399 1088 3501 defor-

95 3483 195 3559 miter,
208 3473 457 3563 turpiter*-oai
467 3479 585 3566 πρέπει
595 3480 740 3568 Νέρωνι,
754 3478 796 3548 οὐ
804 3478 1011 3570 πρέπει-’
968 3503 1091 3567 νηφειν

865 3573 927 3632 ta*
