2468 3912
514 261 616 308 nrvus
634 261 759 310 numus.
1096 251 1133 310 11

135 418 187 479 ulli
206 417 329 478 feminae
343 415 421 492 lore,
438 415 632 494 responderet
645 417 726 495 qnasi
740 415 893 496 adludens,
909 419 942 479 in
952 417 1048 497 Syria
1060 433 1133 496 quo-

136 521 194 581 quc
207 517 356 581 reputasse
366 497 567 576 Samiramin,
582 517 785 580 magnamque
798 499 896 563 Asine
907 510 1029 581 portem
1040 499 1134 560 Amo·

135 603 233 648 sonas
250 585 382 645 tencictc
399 583 563 662 qnondam.

198 669 325 730 Functus
341 667 500 745 consulatu,
517 668 588 729 Gaio
603 668 736 729 Memmio
750 669 897 749 Lucioque
910 669 1036 730 Domitio
1052 679 1178 749 prae-23

112 755 247 816 storibus
271 753 307 812 de
333 753 493 831 superioris
517 753 582 812 anni
607 755 679 812 actis
706 754 916 832 referentibus,
941 755 1136 832 cognitionem

136 839 248 900 senatui
278 836 396 906 detulit;
424 854 480 896 nec
505 836 556 895 illo
586 838 780 916 suscipiente,
808 838 960 918 triduoque
991 856 1044 918 per
1069 837 1135 896 inri-

136 933 180 983 tas
202 922 408 981 altercationes
435 919 603 999 absumpto,
626 922 654 979 in
681 923 860 1001 provinciam
884 923 967 992 abiit;
992 932 1020 984 et
1042 923 1136 982 statim

137 1014 274 1086 quaestor
303 1006 364 1064 eius
390 1005 419 1062 in
445 1003 649 1084 praeiudicium
675 1005 785 1086 aliquot
811 1007 974 1066 criminibus
1003 1013 1136 1085 arreptus

137 1100 190 1151 est.
234 1089 305 1150 llos
326 1098 355 1148 et
375 1088 441 1168 ipse
459 1107 475 1148 a
491 1089 579 1148 Lucio
597 1088 722 1149 Antistio
740 1090 799 1150 ΤΒ.
816 1090 870 1151 Ph.
888 1089 1063 1170 postulatus,
1086 1107 1136 1168 ap·

102 1174 247 1254 ropellato
274 1173 385 1232 demum
415 1172 543 1250 collegio
570 1174 706 1252 optinuit,
736 1193 799 1234 cum
825 1175 868 1233 rei
893 1174 1026 1253 publicae
1049 1189 1136 1233 causa

136 1258 254 1320 abesset
270 1275 337 1317 reus
352 1275 390 1316 ne
410 1257 502 1316 lieret.
545 1255 591 1316 hd
608 1260 790 1319 securitatem
806 1274 879 1335 ergo
897 1259 1008 1336 posteri
1024 1266 1135 1334 tempo-

136 1345 177 1402 ris
197 1345 226 1401 in
247 1356 352 1417 magno
374 1341 494 1418 negotio
515 1340 613 1400 habuit
627 1342 759 1420 obligare
783 1359 900 1421 semper
919 1357 1029 1402 annuos
1045 1341 1135 1416 magi·

137 1436 260 1502 stratus,
283 1433 312 1484 et
332 1443 349 1483 e
371 1423 545 1502 petitoribus
556 1442 614 1484 non
636 1427 709 1486 alios
724 1427 862 1486 adiuuare
879 1436 926 1486 aut
945 1425 982 1486 ad
995 1425 1136 1484 honorem

138 1511 197 1590 pati
215 1509 386 1587 pervenire,
403 1525 488 1586 qnam
506 1509 553 1587 qui
567 1509 622 1567 sibi
635 1514 819 1590 recepissent
836 1517 1072 1590 propugnaturos
1087 1506 1136 1568 ab·

101 1617 128 1658 uc
139 1595 260 1654 sentiam
275 1610 371 1661 suam;
397 1593 476 1652 cuius
491 1595 568 1672 pacti
584 1610 641 1653 non
659 1595 797 1656 dubitavit
812 1612 828 1655 a
846 1594 1014 1674 quibusdam
1028 1594 1073 1652 ins
1093 1592 1136 1650 in·
1190 1651 1193 1658 ,

137 1676 257 1738 randum
279 1684 364 1754 atquc
385 1677 469 1748 etiam
489 1678 683 1756 syngrapham
698 1682 829 1757 exigere.
873 1678 932 1739 Sed
956 1696 1019 1739 cum
1033 1675 1179 1736 Luciusne

137 1760 279 1821 Domitius
299 1760 464 1820 consulatus
487 1761 653 1840 candidatus
681 1763 775 1842 palam
796 1764 965 1841 minaretur,
989 1759 1136 1823 consulem

139 1862 172 1904 se
188 1843 356 1903 effecturum
369 1844 446 1921 qnod
459 1854 577 1922 praetor
588 1848 737 1924 nequisset
749 1846 1004 1928 adempturumque
1014 1846 1041 1905 ei
1053 1861 1136 1904 exer·

141 1930 227 2004 citus,
246 1925 387 1986 xCrassum
402 1927 628 2008 Pompeiumque
648 1932 677 2002 in
697 1929 797 1990 urbem
814 1932 980 2008 provinciae
998 1947 1068 1989 sune
1083 1927 1136 1987 Ln-

99 2029 203 2072 2ooam
224 2018 371 2070 extractos
393 2011 536 2088 conpulit,
560 2022 589 2070 nt
610 2013 778 2074 detrudendi
794 2012 911 2073 Domitii
931 2031 1018 2074 cansa
1034 2029 1136 2072 consu-

139 2096 225 2156 latum
250 2094 370 2154 alterum
397 2103 544 2174 peterent,
571 2097 751 2176 perfecitque
777 2115 831 2175 per
858 2106 1024 2175 utrumque,
1053 2103 1083 2154 ut
1108 2095 1136 2152 in

140 2180 361 2260 quinquennium
385 2178 441 2238 sibi
462 2179 612 2257 imperium
632 2189 851 2258 prorogaretur.
896 2182 958 2256 Qua
981 2177 1083 2239 fidncia
1102 2177 1137 2236 ad

139 2264 289 2340 legiones,
309 2279 381 2342 quas
401 2262 596 2342 erepublica
612 2274 784 2344 acceperat,
806 2264 877 2324 alias
893 2265 1007 2343 privato
1024 2269 1136 2342 sumptu

139 2347 259 2423 addidit,
283 2366 366 2408 unam
387 2349 473 2408 etiam
489 2365 526 2406 ex
541 2348 738 2428 Transalpinis
759 2350 968 2427 conscriptam,
991 2344 1136 2406 vocabulo

101 2449 256 2511 aequoque
273 2430 384 2492 Gallico
402 2431 530 2509 (Alauda
552 2433 628 2492 enim
644 2431 862 2513 appellabatur)
885 2449 969 2510 quam
985 2430 1137 2510 disciplina

141 2515 276 2594 cultuque
294 2516 425 2576 Romano
445 2517 599 2576 institutam
624 2525 653 2576 et
678 2526 821 2595 ornatam,
847 2525 950 2595 postea
974 2517 1137 2575 universam

141 2600 257 2658 civitate
279 2598 404 2659 donarit.
447 2599 512 2660 Nec
534 2599 637 2660 deinde
658 2601 716 2661 nlla
737 2600 807 2660 belli
834 2602 1011 2676 occasione,
1037 2616 1074 2657 ne
1096 2599 1136 2655 in-

139 2684 206 2742 iusti
222 2682 335 2760 quidem
351 2702 386 2743 nc
402 2683 559 2762 periculosi
579 2684 727 2762 abstinuit,
750 2694 807 2744 tam
824 2684 981 2745 foederatis
998 2699 1081 2761 quam
1096 2681 1137 2738 in-

140 2767 223 2826 festis
234 2784 269 2826 ac
282 2767 351 2828 feris
366 2768 501 2845 gentibus
513 2768 588 2827 ultro
602 2767 764 2844 lacessitis,
780 2767 853 2829 adeo
869 2778 899 2828 nt
915 2775 1031 2828 senatus
1048 2780 1137 2843 qnon-

104 2863 132 2906 so
143 2850 207 2910 dam
222 2849 337 2927 legatos
353 2851 388 2912 ad
409 2852 617 2932 explorandum
632 2862 734 2915 statum
750 2852 904 2914 Galliarum
918 2849 1071 2910 mittendos
1089 2846 1136 2906 de·

23 2978 44 3014 ,t
141 2934 283 3012 creverit,
300 2953 334 2996 ac
348 2937 476 2996 nonnulli
489 2934 647 2997 dedendum
662 2955 725 2998 eum
736 2936 867 2996 hostibus
880 2934 1051 2996 censuerint.
1079 2927 1138 2990 Sed

141 3034 285 3098 prospere
312 3019 519 3080 decedentibus
538 3021 638 3098 rebus,
662 3031 690 3081 et
711 3023 828 3098 saepius
849 3029 878 3080 et
906 3019 1028 3098 plurium
1053 3033 1137 3095 quam

83 3167 85 3172 ,
141 3103 291 3181 quisquam
306 3121 437 3182 umquam
455 3105 563 3164 dierum
579 3105 806 3184 supplicationes
824 3101 997 3181 impetravit.
1042 3099 1180 3162 cessitas

141 3195 236 3246 autem
251 3205 356 3248 novem
370 3190 467 3266 annis,
485 3189 587 3267 quibus
601 3191 629 3248 in
645 3189 766 3267 imperio
782 3187 849 3264 luit,
866 3187 940 3245 haec
952 3185 1026 3245 lere.

108 3284 134 3328 as
207 3269 325 3331 Omnem
351 3273 490 3350 Galliam,
518 3291 592 3352 qnae
619 3273 692 3333 saltu
719 3271 868 3348 Pyrenaeo
897 3269 1079 3349 Alpibusque
1107 3277 1137 3326 et

141 3363 240 3415 monte
264 3355 418 3433 (lebenna,
440 3357 600 3417 fluminibus
620 3356 722 3417 Rheno
746 3373 780 3415 ac
800 3353 941 3415 llhodano
964 3356 1136 3426 continetur,

1 3510 8 3528 Ι
141 3447 280 3517 patetque
305 3442 425 3500 circuito
453 3440 488 3502 ad
514 3440 610 3500 biset
634 3442 731 3500 tricies
756 3449 868 3499 centum
893 3440 969 3500 milia
990 3455 1136 3518 passuum,

1 3528 18 3577 t
145 3531 261 3600 praeter
280 3525 377 3585 socias
398 3543 432 3586 ac
455 3525 531 3585 bene
548 3526 664 3586 meritas
680 3525 827 3603 civitates,
849 3526 877 3585 in
895 3524 1063 3603 provinciae
1078 3521 1138 3581 lor·
