2468 3912
245 69 386 149 'amisi
415 87 462 148 Ἠ
496 119 525 132 “’“
554 99 602 170 LAb
641 93 853 174 mdcie'rts
889 95 920 178 bu
947 115 1038 194 neubi
1060 97 1170 188 inbuti

104 213 425 306 notger-mutiet?
490 235 735 284 nrvusmuuus.
1089 225 1109 286 b

106 393 135 453 iu
154 391 298 452 civitatem
318 392 472 468 rogatione
487 388 580 451 Plotia
597 390 739 468 confecit,
763 389 919 469 habuitque
938 398 967 450 et
982 390 1047 470 ipse
1062 409 1108 452 su·
1133 401 1172 462 nt

107 493 162 556 per
178 493 212 534 ea
227 493 260 535 re
276 476 445 536 contionem.
483 499 484 504 ¹
1144 483 1186 550 tp

4 601 6 612 .
172 559 316 635 Quaestor
326 558 425 620 luliam
442 562 553 620 amitam
573 575 754 638 uxoremque
770 557 935 620 Corneliam
958 558 1108 622 defunctas
1121 557 1184 638 ⁶⁹7

4 603 32 678 7
107 643 234 704 laudarit
250 662 266 702 e
281 659 360 704 more
378 661 432 723 pro
448 644 561 704 rostris.
590 641 628 702 Et
648 644 676 701 in
695 645 796 704 amitae
813 644 929 722 quidem
945 641 1109 704 laudatione
1141 643 1183 719 ‘lq

82 728 145 794 ade
168 729 230 787 eius
253 745 288 788 ae
308 729 399 806 patris
428 731 471 788 sui
498 737 619 806 utraque
641 728 756 805 origine
785 729 827 787 sic
849 727 954 788 refert:
988 725 1110 788 Amitae
1138 745 1200 796 en·

106 829 193 873 meae
209 808 311 872 Inliae
321 818 492 873 maternam
505 829 602 892 penas
617 825 658 870 ao
674 809 800 891 repibnc
812 817 928 889 ortam,
946 819 1110 890 paternum
1141 835 1192 880 nr-

107 915 175 958 cum
186 895 247 957 diis
258 895 474 957 inmortalibus
487 896 679 958 coniunctam
694 902 747 956 ert.
771 893 851 955 Nam
866 895 906 956 ab
919 893 1005 957 Anco
1021 895 1107 957 lllar-
1134 915 1180 973 pe

107 981 155 1042 cio
170 986 241 1041 sant
255 979 371 1042 llcrcii
384 980 500 1062 Repes,
522 997 582 1060 quo
597 981 717 1040 nomine
735 979 798 1058 fnit
811 987 931 1050 mnter,·
952 997 972 1040 a
996 979 1110 1042 Venere
1135 997 1176 1050 ej

2 1027 41 1101 Γ
107 1061 198 1140 letti,
222 1065 310 1126 enine
327 1066 426 1144 peritis
438 1065 563 1144 familia
579 1073 624 1124 est
637 1070 758 1125 nostra.
788 1061 934 1144 Euterpe
949 1064 981 1124 in
998 1083 1110 1144 penere
1134 1073 1179 1128 n7

70 1175 96 1218 nn
108 1157 138 1210 et
155 1150 309 1210 sanctitas
332 1169 452 1230 repam,
476 1149 529 1230 qni
548 1148 715 1227 plurimam
737 1149 816 1210 inter
832 1147 968 1209 domines
980 1149 1108 1227 pollent,
1129 1165 1170 1219 aa

107 1240 138 1295 et
148 1235 338 1295 caerimonia
349 1234 491 1310 deornm,
504 1251 632 1314 quornm
643 1233 707 1312 ipsi
720 1234 752 1294 in
760 1239 916 1312 potestate
925 1240 995 1293 snat
1009 1252 1108 1314 repca.
1130 1243 1173 1295 rt

106 1318 140 1378 lu
166 1316 321 1380 Corneliae
345 1327 440 1379 autem
459 1318 555 1378 locum
579 1316 746 1397 Pompeiam
768 1317 848 1377 duxit
871 1318 968 1392 Quinti
989 1316 1110 1397 Pompei
1128 1327 1172 1384 ‘tt

2 1439 42 1506 s
107 1402 212 1480 liliam,
235 1402 266 1463 L.
284 1402 383 1463 Sullae
404 1411 537 1481 neptem;
566 1421 629 1462 cum
654 1420 710 1481 qua
733 1401 837 1463 deinde
855 1401 1007 1462 divortium
1027 1403 1187 1479 tentans

107 1486 295 1548 adulteratam
318 1487 451 1565 opinatus
473 1485 607 1547 al’ublio
631 1485 751 1564 Clodio,
777 1505 861 1566 quem
881 1489 956 1546 inter
977 1486 1109 1566 publicas
1122 1489 1165 1570 iq

69 1593 96 1636 ts
107 1572 300 1632 caerimonias
317 1579 488 1649 penetrasse
504 1571 540 1631 ad
561 1588 624 1632 eam
644 1571 775 1633 muliebri
792 1581 878 1632 veste
898 1581 955 1632 tam
973 1580 1109 1631 constans
1124 1576 1176 1636 in

104 1657 181 1716 lama
198 1663 275 1731 erat,
298 1664 327 1714 ut
344 1664 462 1715 senatus
482 1658 682 1735 quaestionem
704 1656 876 1737 depellatis
894 1656 985 1717 sacris
1007 1655 1108 1716 decre·
1128 1659 1176 1709 ‘ti

103 1739 189 1800 verit.
1159 1739 1194 1790 Υ

170 1823 326 1898 Quaestori
346 1824 467 1885 ulterior
488 1825 628 1905 Hispania
650 1825 785 1896 obuenit;
813 1827 862 1888 ubi
888 1845 951 1887 cum
976 1827 1109 1888 mandatu
1121 1821 1205 1888 7¹15-

104 1908 165 1970 PR.
188 1907 249 1966 iure
276 1906 399 1968 dicundo
430 1918 589 1970 conventus
610 1909 773 1970 circumiret
796 1909 942 1990 Gadisque
968 1913 1108 1989 venisset,
1138 1907 1191 1974 ‘tit

67 2015 94 2057 re
105 1989 307 2053 animadversa
320 1992 394 2071 apud
406 1992 539 2052 llerculis
551 1993 687 2072 templum
693 1995 791 2072 Magni
800 1995 960 2055 Alexandri
974 1997 1108 2072 imagine,
1135 1997 1176 2062 il

103 2077 246 2154 ingemuit
262 2085 290 2135 et
308 2079 390 2155 quasi
407 2085 559 2157 pertaesus
581 2079 723 2156 ignaviam
739 2096 837 2155 suam,
861 2077 938 2157 quod
959 2079 1109 2140 nihildum
1131 2085 1196 2156 ψ

104 2179 122 2222 a
143 2178 175 2220 se
191 2160 379 2222 memorabile
400 2169 494 2222 aetum
510 2171 589 2221 esset
608 2164 637 2222 iu
655 2171 764 2238 aetate,
789 2180 845 2242 qua
869 2165 924 2223 iam
941 2161 1110 2223 Alexander
1134 2179 1177 2232 ‘td

21 2299 26 2308 ,,
106 2243 208 2306 orbem
223 2253 363 2305 terrarum
384 2245 564 2324 subegisset,
588 2246 754 2308 missionem
770 2248 906 2308 continuo
927 2247 1108 2326 elllagitavit,
1131 2255 1188 2310 tt.

105 2327 144 2390 ad
163 2327 320 2409 captandas
346 2348 430 2410 quam
457 2331 576 2410 primum
600 2332 740 2392 maiorum
760 2350 856 2392 rerum
881 2332 1054 2393 occasiones
1081 2333 1109 2392 in
1137 2335 1205 2388 ‘tt'

68 2412 189 2473 asurbe.
225 2413 318 2474 Etiam
340 2417 490 2476 confusum
512 2434 576 2476 eum
596 2418 709 2478 somnio
731 2417 881 2496 proximae
904 2418 997 2476 noctis
1028 2419 1108 2498 (nam
1132 2415 1181 2478 ²43

106 2499 186 2558 visus
209 2507 271 2559 erat
292 2517 346 2577 per
369 2503 495 2579 quietem
516 2508 644 2580 stuprum
670 2504 752 2562 matri
774 2501 922 2579 intulisse)
943 2502 1108 2563 coiectores
1136 2501 1185 2560 ib

105 2580 143 2644 ad
158 2582 361 2661 amplissimam
382 2603 464 2664 spem
485 2585 691 2663 incitaverunt,
709 2585 855 2646 arbitrium
869 2595 1011 2646 terrarum
1028 2585 1108 2646 orbis
1137 2591 1176 2646 bl

104 2666 242 2746 portendi
258 2669 498 2748 interpretantes,
515 2670 630 2748 quaudo
645 2679 754 2748 mater,
780 2688 864 2749 quam
880 2670 1037 2731 subiectam
1053 2669 1108 2729 sibi
1134 2675 1182 2732 i'b

105 2750 242 2827 uidisset,
258 2769 316 2812 nou
330 2753 385 2814 alia
402 2763 480 2814 esset
495 2771 579 2832 quam
594 2763 688 2833 terra,
705 2772 779 2833 quae
796 2757 921 2816 omnium
936 2772 1044 2835 parens
1059 2753 1107 2814 ha·
1133 2755 1182 2811 ‘tl

71 2842 96 2885 ³⁰
106 2834 235 2895 beretur.
260 2835 415 2898 Decedens
427 2855 500 2914 ergo
516 2848 581 2898 aute
596 2847 710 2918 tempus
726 2840 857 2902 colonias
872 2839 986 2899 Latinas
1002 2836 1038 2897 de
1055 2855 1105 2916 pe·
1117 2837 1186 2911 gii

105 2918 193 2980 tenda
215 2921 332 2980 civitate
354 2924 498 3000 agitantes
512 2921 597 3000 adiit,
621 2932 650 2982 et
671 2923 706 2983 ad
724 2923 884 2986 audendum
907 2921 1015 3001 aliquid
1038 2939 1106 2982 eon·
1137 2925 1186 2994 bd

106 3005 240 3080 citasset,
265 3005 320 3064 nisi
335 3007 471 3067 consules
489 3008 670 3086 conscriptas
692 3009 721 3068 in
736 3007 865 3071 ciliciam
886 3006 1021 3084 legiones
1039 3023 1106 3085 pau·
1132 3019 1190 3076 Μ,

105 3085 198 3166 lisper
215 3087 253 3148 ob
268 3088 297 3148 id
311 3089 405 3168 ipsum
416 3091 609 3152 retinuissent.
1140 3099 1154 3146 ἰ
1171 3095 1187 3141 ‘t

167 3170 232 3233 Nec
249 3191 285 3233 eo
298 3176 394 3235 secius
408 3175 517 3235 maiora
532 3193 601 3235 mox
616 3176 644 3234 in
660 3176 731 3236 urbe
747 3176 862 3237 molitus
876 3183 931 3235 est.
960 3174 1106 3254 Siquidem
1118 3177 1191 3249 oid

74 3260 99 3304 ³⁵
108 3263 171 3314 ante
185 3273 295 3335 paucos
308 3257 370 3319 dies
384 3277 468 3338 quam
480 3260 655 3320 aedilitatem
669 3261 768 3337 iniret,
781 3262 858 3321 veuit
870 3262 899 3319 in
911 3261 1107 3338 suspicionem
1138 3259 1189 3330 5'3

108 3341 293 3419 conspirasse
317 3361 380 3404 cum
396 3344 496 3404 llarco
512 3343 620 3405 Crasso
638 3344 799 3423 consulari,
822 3346 889 3406 item
906 3344 1007 3406 Publio
1027 3344 1107 3405 Sulla
1128 3353 1184 3418 op

108 3430 136 3480 et
145 3419 176 3482 t.
185 3421 327 3486 Autronio
341 3437 408 3506 post
419 3428 650 3505 designationem
663 3429 829 3491 consulatus
840 3429 961 3492 ambitus
973 3428 1106 3491 condem·
1133 3431 1177 3484 &t

106 3507 195 3584 uatis,
218 3520 247 3569 ut
270 3511 415 3592 principio
438 3515 503 3572 anui
527 3524 657 3576 senatum
682 3514 882 3596 adorirentur,
909 3526 938 3577 et
959 3513 1108 3577 trucidatis
1130 3525 1183 3592 gr,

1060 3603 1173 3622 hun-⁶·—
1193 3613 1206 3628 ι,

1145 3637 1190 3685 iss·

1098 3711 1124 3734 μ

1073 3769 1150 3844 H,
