2468 3912
156 194 194 253 74
239 204 268 253 (l.
285 206 434 255 SUETONI
452 206 579 266 TRANQ.
595 207 642 252 ΒΕ
659 206 741 253 VITA
758 204 941 252 CAESARUH
955 205 1024 253 LIB.
1040 203 1077 251 11.

155 360 301 421 stellarum
318 361 453 421 caelestis
471 380 572 439 ursae,
589 361 641 421 sed
656 370 685 421 et
703 360 786 421 callis
803 357 988 439 quibusdam,
1006 377 1044 420 ex
1057 373 1155 439 prorr-

153 447 221 522 gine
244 446 378 524 corporis
400 445 577 525 adsiduoque
598 455 626 505 et
646 445 807 505 vehementi
829 444 949 521 strigilis
965 462 1017 503 usu
1032 442 1154 522 plurifa-

153 530 224 589 riam
245 531 389 589 concretis
411 529 446 590 ad
461 531 636 609 impetiginis
649 529 779 590 formam.
812 526 979 588 Goxendice
994 535 1023 586 et
1036 526 1155 588 femore

154 622 182 673 at
200 631 283 672 crure
300 613 416 674 sinistro
433 632 491 675 non
508 613 627 693 perinde
645 612 775 691 valebat,
793 621 821 672 ut
837 630 928 691 saepe
942 611 1026 672 etiam
1041 610 1154 672 inclau-
1198 635 1200 641 ⁴

153 696 277 766 dicaret;
300 696 353 757 sed
371 698 499 758 remedio
519 698 687 759 harenarum
702 707 786 776 atque
801 695 985 757 harundinum
1000 695 1178 759 confirma-s

153 781 245 842 hatur.
271 780 399 842 Dextrae
419 800 534 861 qnoque
556 799 655 842 manus
676 781 794 858 digitum
814 781 969 841 salutarem
989 787 1044 839 tarn
1059 778 1152 839 imbe-

154 865 249 925 cillum
263 865 401 925 interdum
415 865 565 943 sentiebat,
578 875 607 925 ut
618 874 781 943 torpentem
791 873 1024 943 contractumque
1036 863 1153 940 lrigore

152 951 201 1008 vix
217 950 317 1009 cornei
333 951 432 1011 circuli
443 949 644 1030 supplemento
655 951 814 1027 scripturae
826 947 1005 1009 admoveret.
1023 947 1153 1022 Questus

153 1042 198 1094 est
221 1042 249 1093 et
269 1033 304 1094 de
324 1037 436 1114 vesica,
463 1036 544 1094 cuius
565 1034 668 1094 dolore
690 1033 809 1094 calculis
831 1032 943 1092 demum
964 1049 1018 1110 per
1039 1033 1153 1092 urinam

154 1119 255 1178 eiectis
270 1116 429 1180 levabatur.
1162 1141 1186 1182 nc

109 1208 140 1263 81
216 1202 327 1264 Graves
349 1212 378 1263 et
399 1202 581 1282 periculosas
600 1203 771 1264 valitudines
796 1219 849 1280 per
870 1217 982 1260 ornnem
998 1201 1085 1260 vitam
1098 1199 1151 1260 ali-

152 1296 221 1365 quot
243 1295 381 1366 expertus
402 1294 461 1357 est;
486 1289 643 1367 praecipue
664 1285 817 1348 Cantabria
837 1284 958 1361 domita,
981 1301 1045 1343 oum
1065 1285 1151 1344 etiam

152 1370 383 1431 distillationibus
411 1372 540 1431 iocinere
568 1373 668 1432 vitiato
690 1370 726 1432 ad
748 1371 980 1449 desperationem
1002 1366 1149 1440 redactus,
1211 1379 1219 1424 t*

151 1457 324 1516 contrariam
347 1464 375 1514 et
395 1456 547 1532 ancipitem
561 1458 701 1516 rationem
716 1453 846 1514 medendi
861 1452 1029 1513 necessario
1046 1451 1149 1513 subiit:
1217 1459 1219 1500 l

151 1540 216 1617 quia
239 1537 331 1597 calida
350 1537 477 1597 fomenta
498 1555 554 1597 non
576 1540 745 1618 proderant,
771 1536 885 1614 frigidis
911 1537 1004 1597 curari
1027 1544 1182 1602 coactusu

152 1629 271 1681 auctore
283 1619 412 1681 Antonio
426 1621 517 1681 Musa.

212 1703 356 1779 Quasdam
376 1713 405 1764 et
426 1705 637 1766 anniversarias
657 1724 693 1768 ac
714 1716 846 1786 ternpore
863 1713 943 1768 certo
963 1714 1149 1765 recurrentes

152 1788 371 1868 experiebatur;
393 1806 457 1849 nam
477 1788 529 1847 suh
551 1789 674 1850 natalem
692 1810 772 1852 suum
790 1789 959 1870 plerumque
975 1788 1148 1866 languebat3

152 1883 181 1934 et
195 1873 276 1933 initio
291 1873 369 1932 veris
386 1872 623 1952 praecordiorum
636 1875 786 1937 inilatione
797 1872 998 1953 temptabatur,
1013 1874 1149 1935 austrinis

151 1967 245 2020 autem
270 1957 488 2036 tempestatibus
512 1959 680 2034 gravedine.
726 1961 822 2036 Quare
849 1966 984 2038 quassato
1009 1973 1181 2037 corporato

108 2055 244 2122 saneque
258 2042 369 2120 frigora
384 2060 478 2122 neque
495 2050 591 2102 aestus
606 2043 695 2104 facile
709 2041 862 2104 tolerabat.
887 2042 987 2102 Hieme
1000 2044 1150 2121 quaternis

153 2145 215 2188 curn
230 2127 330 2206 pingui
347 2134 417 2203 toga
432 2127 535 2187 tunicis
549 2135 578 2187 ct
594 2127 732 2188 subucula
746 2136 774 2188 et
788 2127 908 2187 thorace
925 2125 1010 2187 laneo
1026 2134 1055 2185 ot
1067 2125 1149 2184 iemi-
1216 2189 1217 2198 χ

150 2210 261 2271 nalihus
277 2219 306 2270 et
320 2210 464 2271 tibialibus
478 2210 672 2288 muniebatur,
688 2219 798 2273 aestate
816 2212 924 2290 apertis
940 2208 1063 2270 cubiculi
1078 2209 1149 2269 iori-

150 2295 218 2371 bus,
241 2312 276 2354 ao
298 2311 387 2373 saepe
407 2296 435 2353 in
457 2295 599 2373 peristylo
621 2294 742 2356 saliente
764 2313 837 2374 aqua
854 2303 938 2375 atqua
954 2296 1037 2355 etiarn
1056 2295 1149 2354 renti·
1216 2250 1217 2345 b

150 2378 227 2437 lante
248 2376 345 2455 aliquo
368 2377 499 2438 cubabat.
532 2378 610 2438 Solis
625 2395 697 2439 vero
715 2397 751 2439 ne
766 2378 878 2438 hiberni
893 2378 1006 2458 quidem
1025 2379 1182 2457 patiens,2t
1215 2397 1216 2414 ι

150 2459 226 2520 domi
249 2476 363 2538 quoque
384 2463 497 2521 nonnisi
512 2471 659 2540 petasatus
674 2461 727 2522 suh
744 2463 811 2523 divo
825 2462 1011 2542 spatiabatur.
1039 2461 1150 2522 Itinera

150 2544 255 2604 lectica
275 2550 305 2601 et
323 2544 458 2604 noctibus
477 2545 557 2623 iere,
578 2563 669 2627 eaque
689 2547 767 2607 lenta
783 2565 817 2608 ac
834 2548 941 2607 minuta
954 2545 1096 2623 iaciebat,
1119 2555 1151 2604 ut

149 2628 306 2688 Praeneste
329 2627 377 2687 vel
394 2626 482 2688 l'ihur
501 2629 588 2690 hiduo
612 2631 804 2709 procederet;
827 2648 861 2693 ac
879 2631 903 2690 si
919 2648 976 2709 quo
991 2630 1149 2709 pervenire

148 2713 219 2772 mari
240 2720 357 2789 posset,
380 2713 476 2792 potius
497 2713 659 2792 navigabat.
696 2717 803 2776 Verum
828 2723 934 2775 tantam
957 2715 1150 2774 infirmitatem

148 2814 252 2874 magna
277 2813 344 2880 cura
359 2795 506 2876 tuebatur,
528 2798 557 2856 in
574 2799 673 2875 primis
688 2799 802 2860 lauandi
818 2800 933 2859 raritate
950 2796 1183 2878 (unguebaturao

149 2881 224 2941 enim
247 2879 390 2959 saepius).
423 2879 481 2940 Aut
501 2880 621 2942 sudabat
640 2881 675 2943 ad
696 2883 847 2960 dammam,
871 2881 973 2943 deiude
992 2880 1148 2961 periande-

148 2965 230 3025 hatur
255 2963 371 3041 egelida
395 2982 468 3045 aqua
492 2965 539 3025 uel
561 2965 625 3026 sole
644 2967 732 3028 multo
754 2968 920 3047 tepefactae
944 2976 991 3027 aut
1013 2964 1149 3045 quotiens
1212 2943 1214 3000 s

148 3065 303 3109 nervorum
329 3066 415 3109 causa
441 3051 557 3110 marinis
585 3050 746 3130 albulisque
772 3051 872 3112 calidis
898 3050 1032 3110 utendum
1057 3057 1147 3126 esset,

149 3141 300 3192 contentus
317 3132 451 3194 hocerat
465 3143 495 3194 ut
512 3132 639 3193 insidens
655 3133 754 3211 ligneo
771 3135 857 3212 solio,
873 3133 950 3213 qnod
964 3137 1028 3214 ipse
1042 3132 1147 3211 Hispa·

148 3215 214 3273 nico
230 3214 322 3275 verho
337 3216 464 3279 duretam
477 3216 609 3294 vocabat,
624 3234 723 3277 manns
735 3236 769 3279 ac
781 3219 872 3297 pedes
885 3218 1003 3278 alternis
1014 3219 1146 3278 iactaret.
1157 3236 1180 3279 ιι

106 3307 142 3362 aa
233 3295 465 3361 Exercitationes
485 3309 663 3380 campestres
685 3318 825 3379 equorum
845 3311 873 3361 et
893 3319 1036 3362 armorum
1051 3301 1148 3360 statim

151 3385 218 3456 post
244 3379 338 3439 civilia
362 3381 439 3444 bella
465 3384 560 3444 omisit
586 3391 616 3442 et
641 3383 677 3445 ad
697 3384 783 3463 pilam
812 3387 904 3464 primo
927 3384 1148 3464 folliculumque
1208 3417 1211 3426 ν

150 3460 276 3536 transiit,
295 3478 364 3522 mox
378 3465 446 3524 nihil
464 3465 540 3526 aliud
555 3484 637 3544 quarn
651 3467 820 3528 vectabatur
834 3477 863 3529 et
878 3467 1090 3548 deambulabat,
1106 3470 1149 3531 im
