2466 3896
29 160 208 232 udwstpap,

156 294 213 354 160
260 305 288 352 o.
302 305 451 353 sunronr
467 303 592 364 ranno.
608 305 656 350 na
670 305 753 352 tucn
768 305 951 352 cassanum
965 307 1034 352 rna.
1045 307 1080 357 a.

154 463 264 520 sionem
280 477 398 534 verens,
426 467 454 517 at
471 458 597 537 Appium
613 456 738 518 (laecum
761 477 928 536 censorem,
956 461 1073 536 generis
1099 461 1142 520 sui

154 552 372 624 proauctorem,
383 541 579 602 libertinorum
599 543 674 602 lilios
689 544 717 600 in
729 552 857 602 senatum
872 543 1016 620 adlegisse
1033 543 1141 620 docuit,

155 631 286 705 ignarus,
301 625 477 705 temporibus
491 625 569 706 nppi
582 636 610 685 et
621 627 759 705 deinceps
772 626 933 704 aliquandiu
946 626 1142 686 libertinos

156 712 248 772 dictos
272 729 329 771 non
352 713 451 789 ipsos,
474 712 520 788 qui
541 728 624 770 manu
645 712 853 787 emitterentur,
877 709 928 769 sed
948 712 1091 787 ingenuos
1106 729 1144 770 ex

155 796 200 856 bis
215 803 393 875 procreatos.
410 793 543 871 Collegio
560 802 743 872 quaestorum
758 802 945 872 prostratura
960 795 1067 854 viarum
1082 794 1170 871 gla=o

157 881 304 940 diatorium
319 896 417 937 munus
433 879 552 936 iniunxit
567 877 753 955 detractaque
768 876 893 936 Ostiensi
909 885 937 936 et
952 876 1061 937 Gallica
1078 895 1142 956 pro·

156 966 268 1039 vincia,
291 981 385 1022 curam
401 963 493 1022 aerari
510 962 623 1021 Saturni
638 961 774 1042 reddidit,
801 978 883 1040 quarn
899 959 992 1020 medio
1011 970 1142 1038 tempore

159 1056 309 1128 praetores
324 1055 386 1121 aut,
402 1047 441 1104 uti
458 1063 548 1121 nnnc,
564 1054 697 1124 praetura
711 1045 800 1104 iuncti
816 1046 1017 1106 sustinuerant.

218 1130 408 1208 Triumphalia
423 1138 588 1188 ornamenta
605 1129 718 1205 Silano,
735 1128 811 1189 liliae
831 1147 900 1189 suae
916 1145 1045 1206 sponso,
1073 1145 1142 1188 non-

7 1221 48 1305 'M
75 1216 221 1303 „padum
244 1214 344 1294 puberi
365 1212 455 1290 dedit,
479 1212 634 1272 maioribus
655 1230 726 1273 vero
748 1222 815 1272 natu
836 1222 891 1272 tam
911 1211 1005 1271 multis
1029 1221 1143 1290 tamque
1154 1232 1181 1273 ro

51 1277 74 1312 ⁰'
156 1299 259 1376 facile,
276 1307 306 1358 ut
322 1297 442 1376 epistula
460 1283 761 1373 communi²legionum
775 1299 887 1356 nomine
904 1296 1029 1356 extiterit
1043 1305 1143 1375 peten-

157 1385 239 1460 tium,
254 1391 283 1442 ut
299 1381 403 1458 legatis
419 1380 616 1441 consularibus
631 1381 712 1440 simul
730 1385 792 1440 c'um
807 1380 940 1440 exercitu
952 1390 980 1440 et
990 1379 1143 1458 triumpha·

157 1468 194 1528 lia
210 1466 407 1542 darentur,ne
422 1482 535 1524 causam
549 1464 618 1524 belli
629 1469 753 1544 quoquo
766 1464 853 1524 modo
869 1471 1049 1542 quaererent.
1066 1463 1143 1524 Aulo

157 1551 267 1612 Plautio
286 1550 370 1608 etiam
385 1551 546 1608 ovationem
565 1549 901 1626 decreuitsingressoque
917 1548 1017 1607 urbem
1030 1547 1143 1608 obviam

158 1651 347 1715 progressus,
370 1641 399 1692 et
417 1634 446 1690 in
462 1630 631 1709 Capitolium
648 1634 723 1692 cunti
743 1641 773 1690 et
787 1632 852 1691 inde
873 1651 972 1691 rursus
986 1632 1180 1692 revertentirs

1 1717 328 1797 wortrilatqstexit.
363 1714 481 1781 Gabinio
498 1716 646 1792 Secundo,
662 1714 794 1776 'Cauchis
808 1725 896 1792 gente
913 1715 1082 1776 Germanica
1099 1734 1143 1774 su·

1 1817 2 1844 t
47 1827 61 1867 a
160 1802 282 1881 peratis,
299 1816 461 1876 cognomen
477 1787 625 1882 canabi&
633 1817 772 1879 usurpare
789 1803 943 1860 concessit,

1 1882 3 1890 ’
55 1903 72 1950 2
117 1905 150 1959 25
217 1884 366 1962 Equestris
384 1883 496 1944 militias
512 1884 550 1944 ita
574 1884 730 1959 ordinavit,
754 1893 784 1942 ut
800 1893 868 1963 post
890 1884 1040 1944 cohortem
1062 1883 1143 1959 alam,

161 1979 225 2050 post
247 1968 319 2028 alam
344 1967 512 2026 tribunatum
534 1967 659 2044 legionis
678 1966 775 2037 daret;
805 1968 1003 2047 stipendiaque
1027 1968 1145 2026 instituit

160 2065 187 2114 et
200 2053 383 2129 imaginariae
397 2050 514 2112 militiae
527 2069 634 2127 genus,
656 2050 734 2128 quod
753 2061 876 2112 vocatur·
894 2070 1002 2130 supra
1024 2068 1142 2110 nnme-
1153 2068 1179 2108 ac

159 2155 243 2214 rum,
263 2153 319 2214 quo
335 2135 470 2195 absentes
478 2145 507 2195 et
519 2134 600 2195 titulo
612 2145 695 2195 tenus
709 2136 905 2213 fungerentur.
920 2135 1026 2196 Milites
1042 2134 1144 2194 domos

158 2222 316 2280 senatorias
327 2218 463 2280 salutandi
477 2237 561 2280 causa
575 2219 687 2297 ingredi
699 2222 781 2280 ctiam
792 2229 903 2299 patrum
915 2219 1034 2280 decreto
1047 2217 1144 2296 prohi-

158 2304 226 2364 buit.
247 2303 422 2378 Libertinos,
442 2305 488 2382 qui
500 2322 531 2363 se
543 2320 597 2382 pro
616 2303 757 2382 equitibus
767 2305 802 2364 R.
820 2313 957 2381 agerent,
977 2303 1144 2382 publicavit.
1223 2371 1228 2378 ,

128 2407 147 2446 >c
157 2389 290 2466 ingratos
307 2397 336 2446 et
352 2385 387 2446 de
403 2387 504 2466 quibus
520 2389 633 2465 patroni
644 2397 832 2466 quaterentur
845 2390 996 2448 revocavit
1010 2389 1038 2447 in
1054 2387 1144 2448 servi·
1213 2377 1230 2400 ⁸

157 2481 244 2532 tutem
260 2471 464 2549 advocatisque
479 2489 578 2530 eorum
589 2473 720 2548 negavit,
736 2490 768 2531 sc
782 2471 1051 2532 adversuslibertos
1065 2472 1143 2548 ipso·
1154 2491 1179 2531 ac

16 2623 17 2628 η
157 2573 218 2615 rum
233 2556 277 2614 ius
292 2554 440 2614 dicturum.
468 2553 539 2614 Cum
555 2556 667 2633 quidam
682 2573 770 2632 aegra
788 2565 816 2615 et
831 2556 944 2616 adlecta
960 2556 1101 2633 mancipia
1116 2555 1143 2611 iu

20 2651 21 2656 ’
50 2668 57 2673 -’
84 2661 92 2665 ··
157 2638 277 2698 insulam
297 2637 465 2717 Aesculapii
487 2639 583 2700 taedio
605 2639 737 2698 medendi
759 2649 954 2718 exponerent,
981 2638 1143 2716 omnesqui

1 2735 2 2748 ¹
158 2730 373 2803 exponerentur
391 2722 500 2783 liberos
531 2741 597 2782 esse
621 2725 730 2800 sanxit,
760 2741 815 2784 nec
835 2723 931 2783 redire
952 2725 981 2783 in
1002 2723 1144 2800 dicionem

157 2807 279 2882 domini,
297 2806 320 2865 si
336 2805 563 2876 convaluissent;
597 2807 713 2885 quodsi
735 2809 798 2886 qnis
816 2825 923 2868 necare
944 2825 1027 2886 quem
1046 2805 1145 2866 mallet

62 2961 65 2970 .
158 2906 420 2970 quamexponare,
437 2890 535 2950 caedis
551 2891 667 2950 crimine
680 2893 781 2951 teneri.
803 2893 938 2952 Viatores
959 2910 995 2950 ne
1018 2908 1071 2969 per
1089 2888 1143 2949 lta·
1155 2907 1180 2947 ao

29 2969 113 3072 ·f‘¹“'
157 2976 214 3036 liae
229 2973 337 3054 oppida
360 2975 414 3034 nisi
435 2984 483 3036 aut
497 2973 617 3054 pedibus
638 2984 686 3036 aut
707 2975 779 3036 sella
800 2986 845 3036 aut
860 2976 965 3042 lectica
980 2975 1143 3048 transirent,

23 3059 45 3138 ‘¹1'
80 3037 264 3152 1²³²meonuit
279 3058 383 3120 edicto.
401 3057 529 3120 Puteolis
543 3067 571 3119 et
586 3058 683 3119 Ostiae
699 3059 826 3137 singulas
843 3060 979 3122 cohortes
995 3058 1031 3120 ad
1045 3075 1144 3118 arcen-

34 3142 55 3172 “’““
73 3145 85 3168 ’“
106 3141 123 3164 ””
158 3143 210 3203 dos
224 3142 419 3204 incendiorum
434 3162 518 3204 casus
534 3143 700 3204 collocavit.

1 3285 3 3302 ,
220 3225 395 3304 Peregrinae
413 3227 583 3288 conditionis
599 3226 730 3288 homines
751 3229 839 3288 vetuit
857 3245 997 3306 usurpare
1016 3227 1144 3286 Romana

1 3320 2 3394 j
29 3300 116 3375 tam-⁹!
128 3343 144 3393 ,a
158 3311 271 3370 nomina
283 3311 435 3390 dumtaxat
443 3311 599 3390 gentilicia.
613 3309 763 3371 Civitatem
771 3312 806 3371 ll.
818 3319 990 3390 usurpantes
1002 3311 1029 3368 in
1043 3325 1144 3388 campo
1155 3331 1180 3373 as

67 3407 72 3426 ³
159 3391 307 3469 Esquilino
325 3396 420 3456 securi
440 3397 593 3475 percussit.
620 3395 790 3455 Provincias
809 3394 946 3456 Achaiam
968 3403 996 3455 et
1009 3393 1144 3456 Maccdo-

159 3476 249 3550 niam,
277 3494 347 3555 quas
367 3479 500 3539 Tiberius
526 3479 570 3538 ad·
589 3497 685 3539 curam
709 3497 787 3540 suam
809 3479 1007 3555 transtulerat,
1034 3477 1144 3539 senatui

158 3555 289 3620 reddidit.
319 3560 415 3636 Lyciis
433 3562 470 3623 ob
487 3562 648 3622 exitiabiles
664 3563 738 3624 inter
753 3581 785 3623 se
803 3562 961 3624 discordias
982 3561 1145 3625 libertatem
1205 3559 1229 3595 '⁹
