2450 3910
175 224 236 287 230
255 236 286 286 c.
298 233 447 284 sunronr
459 233 586 293 ranno.
602 234 649 280 on
662 233 743 280 vrrs
759 232 943 282 cassanum
965 233 1033 281 urs.
1047 234 1123 281 vrrs.

175 393 286 454 tuosius
304 390 378 449 inter
399 407 432 450 se
453 388 587 466 agebant.
627 388 722 463 Quare
745 387 966 448 Vitellianorum
993 387 1108 467 quidem
1139 399 1168 450 et

176 475 374 537 exauctoravit
388 473 524 552 plurimos
540 481 569 532 et
587 473 732 548 coercuit,
749 471 937 551 participibus
958 481 1051 532 autem
1073 475 1166 534 victo-

174 563 235 621 rias
252 557 324 618 adeo
339 556 408 616 nihil
424 565 506 617 extra
519 555 647 617 ordinem
661 554 786 634 indulsit,
802 565 833 616 nt
842 557 926 616 etiam
938 555 1067 634 legitima
1081 574 1165 634 prae-

175 645 229 703 mia
245 659 312 701 sero
337 640 520 719 persolverit.
562 639 607 699 Ac
627 658 664 699 ne
685 656 769 718 quam
790 642 975 701 occasionem
998 641 1166 718 corrigendi

177 726 354 805 disciplinam
371 725 629 804 praetermitteret,
655 723 900 784 adulescentulum
915 724 1092 802 fragrantem
1114 745 1185 786 nna
1202 723 1203 790 ἒ

175 819 300 889 guento,
318 827 380 870 cum
395 808 449 868 sihi
465 827 519 887 pro
540 809 691 887 impetrata
715 809 899 886 praefectura
920 809 1028 886 gratias
1051 820 1165 888 ageret,
1202 819 1203 888 p

174 903 243 956 nutu
257 902 443 972 aspernatus,
465 909 539 952 voce
555 893 639 952 etiam
661 893 830 968 gravissima
852 894 1010 972 increpuit:
1032 891 1164 954 Maluis—
1202 891 1203 959 l

176 998 238 1040 sem
263 977 358 1038 ulium
383 975 573 1039 oboluisses!
608 976 777 1054 litterasque
801 979 966 1046 revocante
998 976 1166 1038 classiarios
1202 967 1203 1008 ³

175 1080 258 1136 vero,
275 1063 323 1145 qni
338 1061 374 1122 ab
387 1061 467 1122 Ostia
484 1068 512 1119 et
523 1059 650 1120 Puteolis
664 1060 785 1120 Romam
794 1060 917 1140 pedihus
928 1079 982 1141 per
992 1061 1074 1121 vices
1087 1079 1164 1122 com·

174 1156 284 1225 meant,
304 1154 438 1230 petentes
455 1146 588 1204 constitui
605 1143 711 1223 aliquid
727 1144 782 1204 sihi
798 1143 925 1206 calciarii
939 1145 1063 1223 nomine,
1081 1147 1191 1225 quasin

175 1249 274 1312 parum
289 1240 367 1290 esset
378 1230 444 1289 sine
460 1246 605 1309 responso
622 1227 776 1307 abegisse,
791 1229 873 1312 iussit
889 1238 955 1308 post
971 1229 1045 1289 haec
1063 1231 1164 1292 excal·

176 1319 268 1376 ciatos
284 1316 422 1375 cursitare
432 1322 487 1384 ;,et
503 1331 540 1372 ex
555 1331 591 1375 eo
609 1314 648 1373 ita
664 1314 810 1373 cursitant.
1004 1363 1009 1374 .

233 1398 388 1475 Achaiam,
409 1397 539 1473 Lyciam,
556 1396 703 1475 Rhodum,
724 1396 904 1475 Byzantimn,
932 1396 1046 1456 Samum
1075 1398 1162 1459 libcr-

175 1493 234 1544 tate
264 1482 412 1561 adempta,
435 1483 503 1541 item
529 1481 695 1559 Thraciam,
724 1478 854 1541 Ciliciam
884 1489 928 1540 et·
946 1478 1162 1560 Commagenen

175 1566 289 1627 ditionis
313 1567 414 1644 regiae
441 1583 532 1644 usque
556 1565 591 1625 ad
616 1565 645 1624 id
670 1574 799 1645 tempus,
820 1567 850 1624 in
871 1565 1083 1646 provinciarum
1099 1567 1192 1628 for-o

174 1668 247 1710 mam
272 1643 394 1726 redegit.
439 1646 644 1728 Cappadociae
668 1657 791 1728 propter
810 1647 946 1710 adsiduos
973 1648 1161 1712 barbarorum

174 1735 304 1793 incursus
316 1732 450 1810 legiones
465 1731 587 1811 addidit,
613 1731 851 1812 consularemque
866 1742 1012 1794 rectorem
1026 1735 1163 1813 imposuit

195 1833 228 1876 ro
245 1834 290 1896 eq.
305 1816 341 1876 R.
1202 1897 1203 1900 Ἴ

174 1835 194 1897 p
235 1898 381 1962 Deformis
397 1900 465 1961 mhs
480 1900 626 1961 veteribus
641 1899 780 1961 incendiis
795 1918 830 1966 ac
845 1901 933 1961 ruinis
946 1912 1030 1971 verat;
1053 1920 1161 1965 vacuas

174 2003 258 2046 areas
274 2002 420 2063 occupare
434 1994 464 2046 et
477 1984 646 2061 aedificare,
662 1987 685 2045 si
702 2003 893 2063 possessores
917 1996 1079 2064 cessarent,
1103 1989 1161 2048 cni·
1172 2005 1194 2043 aa

174 2087 294 2148 cumque
306 2070 442 2148 permisit.
470 2068 538 2148 lpse
554 2071 761 2130 restitutionem
776 2067 913 2147 Capitolii
929 2070 1099 2150 adgressus,
1115 2090 1161 2132 rn-

173 2153 288 2214 derihns
303 2152 460 2233 purgandis
475 2171 574 2214 manus
592 2155 699 2232 primus
718 2153 844 2214 admovit
859 2171 893 2214 ac
911 2173 963 2214 suo
977 2155 1054 2215 collo
1074 2174 1162 2236 quae-

173 2238 237 2299 dam
253 2237 366 2307 extulit3
385 2255 592 2316 aerearumque
612 2237 770 2298 tabularum
794 2239 848 2297 tria
866 2237 959 2316 milia,
983 2257 1057 2318 quae
1078 2241 1161 2301 simul

174 2321 436 2400 conflagraverunt,
463 2321 638 2382 restituenda
663 2322 808 2400 suscepit,
827 2322 952 2400 undique
978 2325 1163 2402 investigatis

173 2404 402 2482 exemplaribus:
423 2407 640 2467 instrumentum
655 2406 767 2484 imperii
781 2404 1004 2485 pulcherrimum
1025 2424 1060 2469 ac
1080 2420 1195 2470 veta-rs

173 2487 334 2566 stissimum,
350 2506 406 2568 quo
424 2489 642 2551 continebantur
656 2507 749 2571 paene
766 2489 800 2550 ah
819 2489 941 2552 exordio
955 2490 1033 2551 urbis
1045 2502 1165 2554 senatus

173 2570 322 2648 consulta,
345 2571 425 2651 plebi
444 2575 518 2634 scita
533 2574 569 2635 de
587 2574 728 2634 societate
749 2582 778 2634 et
798 2574 920 2634 foedere
944 2593 979 2635 ao
1005 2577 1164 2656 privilegio

144 2656 341 2736 occisumque
366 2660 523 2718 concessis.
557 2657 640 2718 tectu
662 2667 691 2718 et
714 2676 789 2720 nova
811 2675 902 2737 opera
925 2658 1061 2738 templum
1076 2659 1165 2722 Pacis

170 2740 237 2801 foro
262 2741 437 2819 proximum,
454 2741 579 2822 Diuique
600 2740 701 2803 Claudi
720 2743 749 2800 in
776 2740 877 2803 Caelio
901 2752 999 2804 monte
1025 2753 1166 2823 coeptum

171 2824 285 2903 quidem
301 2824 336 2886 ab
351 2825 526 2906 Agrippina,
550 2826 601 2886 sed
617 2844 634 2886 a
648 2825 767 2887 Nerone
790 2843 884 2905 prope
906 2827 1032 2888 funditus
1049 2827 1163 2890 destru-
1174 2847 1197 2889 ao

173 2917 263 2979 ctnm;
282 2910 349 2969 item
364 2908 600 2988 amphitheatrum
613 2910 685 2971 urbe
696 2909 799 2988 media,
819 2919 850 2970 ut
866 2910 1027 2972 destinasse
1043 2929 1164 2994 compe-

170 3001 249 3052 rerat
262 2991 432 3070 Augustum.

230 3076 435 3157 Amplissimos
450 3077 580 3154 ordines,
597 3087 627 3138 et
642 3077 798 3138 exhaustos
815 3078 905 3139 caede
920 3081 1001 3140 varia
1017 3090 1047 3142 et
1062 3093 1163 3143 conta-

169 3161 292 3220 minatos
313 3161 406 3222 veteri
419 3160 634 3239 neglegentia,
661 3161 796 3240 purgavit
813 3162 1018 3243 supplevitque
1032 3183 1163 3228 recenso

170 3252 271 3303 senatu
294 3253 323 3304 et
345 3245 455 3323 equite,
486 3246 633 3306 summotis
661 3244 869 3322 indignissimis
904 3253 933 3308 et
954 3247 1195 3315 honestissimum

171 3341 288 3403 quoqne
303 3326 468 3388 Italicorum
483 3347 518 3390 ac
537 3329 755 3408 provincialium
771 3327 890 3390 allecto.
927 3330 1024 3410 Atque
1045 3334 1085 3394 uti
1109 3353 1162 3396 no-

170 3414 230 3465 tnm
244 3418 330 3485 esset,
345 3420 495 3490 utrumque
514 3411 643 3473 ordinem
656 3429 714 3472 non
727 3423 784 3474 tam
799 3411 933 3475 libertate
945 3415 1019 3476 inter
1028 3437 1061 3479 se
1073 3435 1163 3498 qnam

171 3487 308 3566 dignitate
325 3490 460 3570 differre,
476 3494 512 3554 de
529 3496 623 3571 iurgio
640 3495 763 3574 quodam
781 3498 924 3557 senatoris
946 3502 1110 3582 equitisque
1126 3505 1160 3566 lt.
