2434 3908
463 231 668 279 Pnnsrfflo.
902 229 1014 277 LXXIII

173 390 215 446 ΕΧ
238 404 273 444 e⁰
293 389 382 457 libro,
405 389 451 458 qui
472 395 553 446 sexto
573 391 638 446 loco
658 391 769 464 ponitur
789 391 833 445 de
855 387 1009 445 nomini·
1033 393 1064 436 oe
1078 408 1159 454 geum

110 468 218 545 busti)
248 478 281 527 et
308 489 445 542 genere
476 473 647 543 vestium,
675 475 747 530 haud
769 473 830 530 scio
853 490 886 528 au
906 471 1010 530 Nonius
1045 452 1147 488 sotrum.

22 615 23 622 ,
111 557 259 615 Marcellus
274 556 365 627 capite
377 555 450 626 XIV,
466 557 539 625 quod
555 564 598 612 est
614 558 768 629 degenere
786 556 1011 614 vestimentorum

114 659 172 700 cum
192 639 377 709 testimoniis,
401 638 551 710 particulas
570 641 743 713 decerpserit
762 657 817 697 non
834 647 1011 698 contemnen-

22 761 23 792 ;
114 729 178 790 dus;
200 724 276 781 solet
297 721 368 778 enim
387 721 435 776 ille
457 729 598 779 aucturum
621 740 733 780 suorum
756 730 785 779 ut
802 723 883 779 Gellii
907 724 1012 782 scrinia

22 851 23 868 .
114 809 196 866 tacite
217 805 353 878 expilare.
400 806 455 860 Sed
471 823 532 861 eum
546 807 654 877 locum,
678 809 723 879 qui
739 825 766 879 p.
783 813 844 877 281,
859 813 892 866 25
909 808 1012 878 legitur

115 895 149 949 de
167 889 322 946 trabearum
338 889 489 960 generibus
505 908 520 946 a
535 889 619 946 Numa
634 889 770 962 Pompilio
785 890 920 961 inventis,
941 892 1013 947 Sue-

113 974 183 1032 tonii
200 978 230 1028 ut
253 974 376 1036 credam,
399 974 543 1042 byzantini
561 975 731 1030 fabulatores
754 989 807 1030 non
828 976 1011 1044 persuadent:

114 1064 190 1116 certe
215 1055 316 1112 Servio
340 1056 432 1129 potius
454 1058 534 1114 iidem
551 1058 641 1113 babeo
665 1075 719 1115 uon
743 1057 852 1112 nimium
866 1057 1012 1115 dissimilia

113 1161 140 1218 p.
156 1147 223 1210 282,
249 1147 266 1200 3
291 1156 306 1195 e
329 1139 462 1196 Suetonio
482 1142 652 1214 proferenti,
674 1159 725 1196 nec
748 1141 946 1211 ignoraverunt
971 1140 1012 1196 illi

114 1224 242 1283 Graeculi
262 1222 424 1280 Servianum
438 1224 669 1280 commentarium.
700 1225 788 1280 Habet
804 1223 914 1294 quidem
931 1224 1012 1279 loan-

114 1327 163 1365 nes
177 1309 268 1379 Lydus
283 1307 339 1364 illis
357 1306 468 1376 similia,
485 1315 512 1363 et
526 1308 738 1379 chrysostomus
753 1322 862 1378 quoque
879 1306 913 1360 ed
929 1315 943 1365 l
958 1305 1012 1363 Ge-

113 1395 196 1449 riuth.
213 1391 326 1448 bomilia
342 1389 429 1446 XXVI
444 1408 498 1446 non
515 1392 602 1447 licere
627 1392 666 1448 uit
687 1391 747 1447 sine
764 1389 876 1460 cingulo
893 1396 920 1445 et
936 1390 1013 1445 obla-

113 1477 195 1546 que
219 1475 254 1530 od
277 1473 424 1530 Gaesarem
441 1473 566 1544 ingredi3
589 1476 639 1531 sed
659 1483 721 1532 ante
738 1472 956 1541 Diocletianum,
977 1473 1012 1527 de

113 1576 169 1632 quo
187 1557 337 1628 Eutropius
357 1564 384 1626 9,
404 1557 588 1616 residemus
614 1567 674 1629 est,
701 1559 765 1614 talia
783 1557 868 1614 scribi
885 1555 1011 1628 potuisse

111 1656 197 1710 nege.
616 1685 620 1699 .

179 1724 224 1776 De
255 1723 464 1780 maledictis
493 1725 592 1780 librum
618 1727 722 1782 Graece
751 1725 882 1798 scriptum
908 1723 1009 1794 videri,
1035 1723 1153 1815 magiam

112 1807 199 1882 paulo
217 1811 280 1862 unte
296 1805 461 1875 significari.
505 1809 545 1864 De
559 1810 718 1866 sordidiore
735 1809 888 1879 argumenti
905 1823 1010 1878 genere

112 1904 276 1962 comparere
305 1887 372 1942 licet
399 1906 458 1945 cum
484 1891 601 1946 aliorum
628 1893 812 1964 scriptiones,
840 1898 895 1946 tum
922 1889 1010 1962 ipsius

113 1971 267 2044 Tranquilli
279 1971 402 2026 libellum
416 1973 461 2042 qui
474 1973 526 2027 luit
540 1975 580 2029 de
595 1975 851 2029 meretricibus
866 1991 891 2044 p.
900 1979 959 2037 302,
968 1981 1009 2031 15.

177 2057 221 2112 Ad
236 2057 384 2112 Rornaue
401 2055 567 2111 instituta
583 2058 682 2113 referri
697 2074 729 2112 ea
742 2074 812 2127 quae
827 2058 861 2110 de
874 2056 1012 2125 triumpho
1029 2061 1124 2123 sonans
1138 2060 1169 2101 m

114 2145 213 2212 agunt,
236 2138 363 2194 instituto
379 2155 453 2194 mere
471 2140 590 2196 Romano
606 2157 694 2210 neque
713 2157 825 2210 usquam
841 2139 894 2194 nisi
911 2139 1013 2194 Itomae
1060 2117 1141 2153 'mm'

114 2223 161 2294 egi
175 2223 271 2296 sclito,
290 2221 386 2277 mirum
398 2229 577 2278 commentum
592 2223 663 2279 dixit
676 2223 846 2291 Bernhardy,
862 2221 930 2276 mire
946 2237 1013 2277 sane

115 2307 239 2364 miratus.
284 2306 324 2360 De
346 2307 485 2364 vocabulo
501 2308 575 2378 quod
592 2312 635 2362 est
654 2307 806 2378 triumphus
824 2305 939 2376 eiusque
956 2306 1014 2361 ori-

113 2391 180 2460 gine
207 2388 308 2447 similia
337 2406 523 2462 eorumquae
553 2391 728 2461 Tranquillus
756 2389 887 2445 docuisse
914 2389 1013 2460 fertur,

114 2473 238 2530 Zonaras
252 2488 363 2543 quoque
378 2475 461 2530 tradit
479 2481 520 2544 12,
535 2481 569 2535 32
587 2481 605 2530 t.
622 2480 638 2531 2
653 2492 679 2546 p.
696 2480 746 2534 619
761 2475 846 2546 Bonn.

177 2557 217 2612 De
238 2555 317 2612 libris
334 2557 375 2611 de
396 2557 470 2613 vita
490 2558 674 2615 Caesarum
695 2575 776 2631 supra
795 2557 954 2628 singulatim
971 2556 1013 2613 di-

22 2627 29 2646 ⁸
112 2646 186 2695 ctum
202 2646 254 2696 est.

176 2725 476 2779 Dcdtomenorum
499 2725 589 2781 viris
618 2725 840 2782 illustribus
868 2727 914 2797 qui
947 2724 1012 2780 olim
1036 2724 1144 2796 ‚vespm

113 2808 301 2880 scripserant,
326 2808 414 2863 Varro
436 2809 534 2864 Santra
554 2808 647 2880 Nepos
670 2805 848 2883 Hyginusffi),
874 2825 923 2864 eos
943 2807 1013 2862 Sue.
1036 2777 1155 2818 ¹uu⁵¹¹¹⁰¹²⁵

116 2936 316 2947 ...-.-—·-—-

184 3000 232 3065 54)
251 3004 365 3069 Ineptum
377 2998 488 3066 κυρίων,
509 3003 576 3066 qnod
594 3003 662 3068 apud
679 3003 781 3054 Suidam
797 3012 855 3070 post
868 2991 1014 3066 ὀνομάτων

22 3113 26 3126 .
112 3073 216 3138 legitur,
234 3086 274 3121 me
290 3071 368 3121 Invito
387 3071 517 3136 typothetae
529 3073 623 3124 omisit.
652 3070 702 3122 Sed
716 3083 783 3124 certe
796 3073 842 3122 hac
857 3071 882 3121 in
894 3085 921 3121 re
938 3069 1015 3136 plane

111 3142 230 3191 divinum
256 3139 383 3190 bominem
403 3140 511 3201 direris,
535 3141 578 3204 qui
600 3155 657 3189 cum
680 3141 846 3207 sagacissimo
865 3137 1010 3204 bernhard!

109 3223 175 3260 cusu
189 3209 216 3258 iu
228 3209 295 3258 idem
313 3208 407 3258 incidit.

183 3275 230 3341 55)
258 3277 310 3327 llos
334 3277 370 3326 ita
390 3276 557 3342 Hieronymus
586 3277 715 3340 coniungit
732 3275 800 3326 inira
824 3293 850 3343 p.
877 3275 942 3337 287,
969 3277 1012 3330 35.

22 3329 23 3346 ³
109 3346 199 3398 Verbo
221 3345 455 3396 commemorandus
477 3347 551 3395 etiam
576 3352 614 3396 est
637 3345 795 3407 ‘Tarquitius
817 3346 849 3396 de
872 3345 1012 3398 illustribus

110 3415 176 3465 riuis
200 3415 342 3464 dissereus’
365 3413 434 3480 opud
458 3413 613 3464 Luctantiurn
632 3414 682 3464 div.
699 3413 757 3464 inst.
777 3415 806 3476 1,
828 3414 872 3472 10.
898 3415 910 3466 l
931 3429 1012 3478 eoque

108 3484 196 3549 magis
216 3483 284 3547 quod
307 3481 409 3532 luerunt
428 3483 470 3546 qui
487 3483 625 3547 Tranquilli
651 3497 742 3532 nomeu
764 3492 923 3550 reponerent.
961 3483 1010 3531 Sed
