2466 3896
138 247 196 306 124
235 258 426 307 c.souron1
441 258 566 318 nunno.
582 259 630 306 ou
643 258 725 306 vrrs
740 257 922 306 cossanum
935 258 1004 308 mc.
1016 259 1080 308 1111.

134 413 287 492 gloriaturm
313 414 387 472 enim
409 413 522 473 assidue
544 415 572 471 iu
594 411 837 472 commemoranda
859 431 909 473 sua
936 412 1057 490 pietate,
1086 413 1126 476 ad

133 495 328 557 ulciscendam
346 514 448 556 necem
468 498 565 557 matris
585 505 614 555 et
637 496 755 556 fratrum
774 496 910 556 introisse
933 514 966 555 se
986 513 1050 555 cum
1071 516 1124 577 pu·

133 582 222 658 giorm
249 579 409 640 cubiculum
438 579 545 640 'l'iberii
573 579 754 656 dormientis,
780 589 809 639 et
835 579 1032 640 misericordia
1058 598 1123 641 cor·

133 673 246 743 neptum
261 664 375 724 abiecto
395 663 475 725 ferro
494 665 668 733 recessisse;
685 681 741 724 uec
758 662 851 739 illum,
875 681 1041 742 quamquam
1056 681 1123 724 sen·

134 749 237 824 sisset,
256 757 303 807 aut
315 749 459 826 inquirere
474 749 623 827 quicquam
639 755 687 806 aut
702 748 807 826 exequi
821 765 928 807 ausum.
1132 772 1147 811 e

91 834 126 888 13
197 831 247 890 Sic
265 833 414 909 imperium
433 831 569 911 adeptus,
593 831 624 891 P.
646 831 681 891 R.
705 830 768 910 (vel
787 830 879 890 dicam
903 830 1046 890 bominum
1069 849 1122 908 ge·

132 912 222 992 nusi)
249 917 309 974 voti
336 924 498 994 compotem
521 915 602 990 fecit,
625 915 857 991 exoptatissimus
878 915 1014 993 princeps
1033 916 1122 975 maxi·

132 1016 195 1059 mae
210 1001 283 1077 parti
299 999 516 1078 provincialium
532 1015 566 1057 ae
585 997 717 1074 militum,
739 997 817 1076 quod
834 997 970 1058 infamem
988 997 1122 1076 plerique

134 1090 332 1159 cognoverant
339 1104 347 1150 ;
366 1080 417 1142 sed
438 1090 468 1142 et
487 1082 638 1142 universae
661 1080 740 1159 plebi
759 1080 884 1142 urbanae
906 1080 943 1141 ob
957 1082 1121 1142 memoriam

133 1165 293 1226 Germanici
322 1166 412 1244 patris
440 1167 709 1243 miserationemque
735 1182 827 1244 prope
856 1163 980 1225 afflictae
1009 1163 1158 1225 domuere

131 1248 231 1328 ltaque
248 1258 279 1308 ut
298 1267 314 1310 a
338 1248 449 1310 bliseno
471 1250 706 1327 morit'quamvis
727 1248 852 1326 lugentis
871 1247 968 1308 babitu
992 1257 1021 1308 et
1036 1248 1121 1307 funus

132 1333 230 1393 Tiberi
249 1350 446 1412 prosequens,
467 1341 559 1392 tamen
582 1334 656 1392 inter
674 1332 774 1393 altaria
793 1341 822 1391 et
838 1332 967 1392 victimas
982 1331 1120 1392 ardentis-

132 1435 187 1495 que
209 1415 306 1478 taedas
321 1415 491 1475 densissimo
509 1425 538 1476 et
557 1416 713 1476 laetissimo
728 1415 879 1476 obviorum
892 1417 1005 1492 agmine
1026 1416 1119 1475 inees-

133 1502 179 1577 sit,
191 1517 278 1577 super
292 1500 383 1560 fausta
397 1501 509 1559 nomina
523 1500 600 1559 sidus
615 1509 644 1560 et
655 1499 762 1577 pullum
776 1508 806 1558 et
819 1515 925 1577 popum
938 1507 967 1558 et
981 1497 1120 1559 alumnum

90 1582 350 1662 llappellantium;
372 1583 563 1660 ingressoque
583 1582 701 1658 urbem,
728 1584 820 1643 statim
844 1599 986 1642 consensu
1004 1591 1155 1642 senatuum
1223 1605 1224 1608 ¹

132 1674 160 1725 et
171 1666 353 1742 irrumpentis
367 1666 396 1722 in
413 1666 518 1724 curiam
532 1664 648 1742 turbae,
671 1666 752 1725 inrita
771 1665 878 1726 Tiberii
895 1665 1049 1742 voluntate,
1072 1665 1120 1744 qui

130 1755 302 1807 testamento
320 1747 438 1807 alterum
454 1756 588 1826 nepotem
603 1767 682 1807 suum
703 1757 910 1825 praetextatum
924 1748 1016 1809 adbuc
1032 1748 1118 1808 cobe-
1222 1813 1224 1828 ι

130 1829 229 1890 nedem
251 1833 279 1889 ei
294 1830 428 1908 dederat,
448 1833 492 1890 ius
513 1830 713 1910 arbitriumque
737 1833 859 1892 omnium
878 1850 972 1893 rerum
992 1831 1032 1892 illi
1053 1851 1118 1910 per-

130 1914 245 1974 missum
265 1923 325 1998 est,
345 1923 423 1974 tauta
442 1915 557 1992 publica
578 1914 686 1976 laetitia
703 1925 732 1977 ut
751 1914 842 1975 tribus
861 1917 998 1995 proximis
1015 1918 1117 1975 mensi·

130 1997 184 2057 bus
205 2016 240 2058 ao
260 2017 296 2056 ne
316 1999 383 2057 totis
402 1998 515 2076 quidem
536 2018 622 2078 supra
646 2008 758 2060 centum
779 2001 929 2076 sexaginta
945 1999 1022 2060 milia
1037 2001 1156 2059 victi-ao

129 2099 236 2142 marum
251 2100 336 2142 caesa
355 2080 509 2142 tradantur.

193 2163 377 2226 Gumdelnde
403 2183 513 2244 paucos
543 2175 609 2241 post
637 2166 752 2226 diesin
778 2167 924 2245 proximas
946 2163 1116 2244 Campaniae

129 2249 237 2310 insulas
252 2251 428 2326 traiecisset,
453 2259 521 2309 vota
546 2267 600 2328 pro
616 2249 707 2310 reditu
727 2258 863 2328 suscepta
884 2258 964 2327 sunt,
985 2267 1022 2308 ne
1037 2249 1116 2308 mini-

128 2350 201 2392 mam
214 2333 328 2410 quidem
351 2335 536 2393 occasionem
561 2350 702 2411 quoquam
718 2334 864 2393 omittente
889 2335 917 2392 in
939 2332 1118 2392 testificanda

129 2414 321 2475 sollicitudine
336 2424 365 2473 et
387 2433 455 2475 cura
473 2415 508 2475 de
522 2415 716 2476 incolumitate
731 2417 801 2475 eius.
829 2416 868 2477 Ut
880 2434 952 2477 vero
971 2418 1000 2475 in
1015 2414 1115 2476 adver·
1125 2435 1152 2475 ac

128 2515 189 2558 sam
206 2496 386 2558 valitudinem
411 2498 522 2575 incidit,
549 2499 783 2576 pernoctantibus
807 2501 918 2560 cunctis
938 2501 1016 2560 circa
1035 2499 1115 2560 Pala·

128 2583 210 2656 tium,
232 2597 288 2639 nou
309 2579 459 2641 defuerunt
481 2584 528 2661 qui
550 2581 763 2660 depugnaturos
789 2602 821 2642 se
843 2585 928 2644 armis
945 2600 999 2662 pro
1025 2582 1118 2644 salute

128 2664 210 2742 aegri
225 2663 330 2741 quique
347 2665 440 2743 capita
459 2684 509 2725 aua
530 2666 610 2726 titulo
628 2668 779 2746 proposito
801 2675 951 2726 voverent.
981 2664 1117 2727 Accessit

128 2748 163 2809 ad
187 2749 353 2806 immensum
380 2749 482 2808 civium
507 2766 632 2810 amorem
661 2750 794 2810 notabilis
823 2752 908 2809 etiam
933 2758 1117 2810 externorum

126 2833 220 2892 favor.
253 2830 383 2910 Namque
405 2831 567 2892 Artabanum
595 2832 761 2894 Parthorum
790 2851 860 2911 rex,
889 2833 982 2893 odium
1002 2851 1151 2911 sempera·

127 2924 376 2995 contemptumque
390 2915 488 2976 Tiberi
503 2934 572 2995 prae
590 2934 622 2975 se
642 2915 755 2994 ferens,
778 2918 929 2977 amicitiam
943 2915 1027 2975 buius
1041 2914 1114 2976 ultro

127 2999 209 3078 petiit
230 2999 365 3077 venitque
396 2999 431 3060 ad
458 2999 631 3078 colloquium
656 2999 745 3078 legati
776 3000 951 3076 consularis,
977 3008 1008 3058 et
1026 3009 1114 3060 trans·
1209 3025 1218 3052 ι

125 3099 245 3158 gressus
266 3082 433 3160 Euphraten
458 3083 567 3162 aquilas
597 3091 626 3142 et
650 3084 733 3160 sigua
754 3085 882 3145 Romana
904 3081 1115 3162 Caesarumque

126 3166 266 3242 imagines
285 3165 421 3226 adorauit.
839 3235 844 3245 Ι

85 3257 119 3311 15
189 3247 363 3308 Incendebat
385 3259 415 3308 et
439 3251 504 3328 ipse
521 3247 612 3308 studia
632 3249 775 3309 bominum
797 3252 872 3310 omni
891 3268 1003 3327 genere
1023 3267 1147 3329 popo-as

126 3329 254 3388 laritatis.
292 3329 408 3392 Tiberio
432 3331 644 3409 complurimis
672 3333 795 3392 lacrimis
817 3351 871 3413 pro
895 3335 1032 3394 contione
1057 3334 1112 3394 lau·
1217 3389 1220 3416 ,1

126 3410 193 3471 dato
227 3410 415 3492 funeratoque
447 3414 635 3492 amplissime,
677 3417 828 3475 confestim
860 3416 1057 3476 Pandateriam
1070 3424 1113 3488 ‚et

126 3492 242 3554 Pontias
256 3491 292 3550 ad
311 3494 525 3556 transferendos
541 3499 638 3556 matris
661 3498 816 3578 fratrisque
831 3501 943 3558 cineres
958 3499 1111 3575 festinavit,
