2468 3912
128 217 170 280 46
213 229 243 277 c.
256 228 406 278 sunnonr
423 229 550 289 nanno.
569 229 616 276 un
629 230 712 276 vrrs
725 227 909 278 consanum
920 229 989 276 nuc.
1003 229 1039 275 11.

128 403 184 466 que
203 383 385 463 complures,
407 385 486 463 prius
508 401 591 463 quam
612 383 826 444 invalescerent
849 383 954 444 iudicio
980 382 1126 462 detectas,

129 469 302 548 compressit
319 468 391 528 alias
405 468 461 528 alio
477 476 624 548 tempore:
642 467 878 556 hepidihgcuis,
896 467 1000 529 dcinde
1015 469 1125 528 Varro·

126 556 171 615 nis
183 553 320 614 blurenae
335 561 364 613 et
379 551 469 613 Fauni
485 549 658 632 Caepionis,
673 570 741 613 mox
754 551 792 613 ll.
808 551 932 630 Egnati,
948 553 1015 613 exin
1029 549 1126 612 Plauti

125 639 190 700 Rnli
208 637 334 720 lucique
351 635 431 696 Pauli
450 638 609 716 progeneri
625 635 684 714 sui,
706 654 740 696 ac
756 644 873 715 praeter
890 636 943 697 has
959 635 990 696 h.
1003 634 1124 712 Audasi,
1220 641 1221 658 ¹

126 722 262 783 ialsanum
283 719 442 781 tabularum
461 723 505 780 rei
522 738 557 781 ac
572 738 667 800 neque
681 728 775 781 aetate
796 739 891 800 neque
908 736 1035 800 corpore
1051 719 1147 785 inte-⁵

127 809 187 884 gri,
203 809 271 866 item
285 804 369 864 Asini
383 803 505 884 Epicadi
524 823 562 864 ex
575 812 664 882 gente
678 803 814 866 Parthina
828 804 958 882 ibridoe,
974 803 1010 864 ad
1026 812 1125 864 entre·

126 907 202 949 mum
219 888 357 967 Telephi,
377 888 505 949 mulieris
527 891 605 949 serni
628 888 882 950 nomenculatoris.
914 888 987 950 llam
1004 905 1041 948 ne
1059 888 1124 948 ulti·

126 991 191 1035 mae
207 972 319 1052 (pridem
334 974 420 1034 sortis
434 972 578 1033 hominum
599 975 813 1051 conspiratione
828 982 858 1033 et
873 971 1005 1053 periculo
1022 973 1124 1032 caruit.

127 1057 268 1119 Audasius
284 1065 369 1137 atquc
384 1056 530 1137 Epicadus
548 1056 648 1118 lulium
663 1057 748 1118 liliam
764 1066 794 1118 et
809 1057 971 1137 Agrippam
985 1064 1124 1136 nepotem
1220 1057 1221 1076 ¹

127 1162 166 1204 ex
180 1142 295 1220 insulis,
313 1141 414 1220 quibus
430 1141 663 1218 continebantur,
684 1159 790 1221 rapere
808 1141 844 1203 ad
859 1143 1020 1218 exercitus,
1036 1138 1157 1202 Tele-1·

127 1226 201 1307 phus
218 1228 300 1305 quasi
317 1224 413 1286 debita
429 1225 484 1286 sibi
500 1225 560 1286 lato
577 1224 768 1287 dominatione
787 1235 817 1286 et
837 1227 930 1306 ipsum
946 1232 976 1285 et
992 1231 1124 1285 senatum

127 1310 248 1390 adgredi
269 1309 453 1370 destinarant.
492 1309 671 1385 Quinetiam
692 1309 834 1390 qnondam
857 1311 935 1371 iuxta
962 1306 1125 1369 cubiculum

127 1398 188 1456 sius
210 1394 269 1456 lira
289 1393 402 1475 qnidam
421 1413 459 1455 en
480 1392 598 1469 illyrico
620 1396 766 1472 exercitu,
790 1393 959 1456 ianitoribus
980 1393 1123 1472 deceptis,

126 1489 214 1540 noctu
239 1478 438 1557 deprehensus
467 1486 512 1538 est
539 1479 632 1539 cultro
659 1479 809 1540 venatorio
836 1479 963 1555 cinctus,
990 1479 1123 1556 imposne

126 1564 229 1623 mentis
251 1580 287 1622 an
306 1562 436 1624 simulato
457 1561 614 1640 dementia,
635 1564 788 1632 incertum:
813 1561 883 1623 nihil
901 1563 976 1622 enim
998 1560 1122 1640 exprimi
1134 1580 1157 1621 rc

127 1647 296 1726 quaestione
311 1647 413 1725 potuit.

85 1741 119 1793 to
188 1729 317 1790 Externa
337 1729 416 1792 bella
437 1730 493 1792 duo
519 1731 632 1792 omnino
657 1748 712 1811 per
734 1749 767 1791 se
794 1732 903 1809 gessit,
931 1729 1123 1791 Delmaticum
1221 1763 1222 1802 ,

127 1813 298 1876 adulescens
314 1813 423 1894 adbuc,
440 1823 470 1877 et
490 1814 615 1875 Antonio
635 1815 751 1876 devicto
767 1813 978 1876 Cantabricum.
1006 1813 1122 1874 Delma·
1221 1805 1222 1862 l

126 1901 185 1959 tico
205 1900 290 1958 etiam
310 1899 431 1961 vulnera
452 1901 585 1979 excepit,
607 1918 662 1962 una
684 1901 748 1960 acie
774 1899 905 1960 dextrum
924 1917 1003 1978 genu
1024 1897 1123 1978 lapide

126 1986 216 2061 ictus,
235 1983 326 2046 altera
342 1992 371 2044 et
387 2003 453 2044 crus
468 1992 498 2043 et
513 1992 662 2064 utrumque
680 1982 828 2045 brachium
842 1985 924 2045 ruina
938 1983 1036 2063 pontis
1052 1999 1119 2042 con·
1132 2003 1159 2045 m

126 2069 279 2130 sanciatus.
315 2067 439 2148 Reliqua
460 2085 515 2147 per
529 2067 646 2146 legatos
662 2067 884 2145 administravit,
905 2076 936 2128 ut
951 2076 1046 2128 tamen
1062 2066 1123 2146 qui-

125 2151 245 2214 busdam
273 2151 446 2214 Pannonicis
474 2160 560 2232 atquo
582 2151 760 2214 Germanicis
789 2161 836 2213 aut
862 2153 1052 2212 interveniret
1076 2157 1125 2210 aut

125 2255 182 2297 non
198 2237 288 2314 longe
303 2236 435 2314 abesset,
451 2236 619 2297 Ravennam
634 2235 891 2298 velllediolanium
904 2233 1124 2314 velAquileiam
1221 2291 1223 2306 ,

84 2323 216 2398 illusque
232 2319 268 2380 ab
283 2320 355 2380 urbe
370 2320 575 2399 progrediens.
601 2320 717 2381 Domuit
732 2329 825 2381 autem
837 2321 940 2400 partim
954 2319 1041 2380 ductu
1055 2335 1122 2397 par·

126 2405 175 2462 tim
192 2404 327 2482 auspiciis
342 2405 400 2464 suis
417 2402 613 2482 Cantabriam,
628 2404 825 2484 Aquitaniam,
847 2404 1037 2481 Pannoniam,
1051 2399 1121 2462 Del·
1133 2426 1160 2466 uc

126 2486 238 2546 matiam
260 2504 323 2546 cunr
342 2486 461 2562 Illyrico
485 2491 579 2566 omni,
600 2493 668 2549 item
688 2489 819 2551 Raetiam
844 2498 874 2548 et
896 2486 1065 2549 Vindelicos
1088 2501 1123 2547 ac
1222 2503 1223 2566 l

127 2568 277 2646 Salassos,
294 2579 399 2648 gentes
415 2570 570 2653 lnalpinas.
610 2571 747 2635 Goerouit
766 2582 796 2633 ct
817 2572 962 2634 Dacorum
982 2571 1122 2630 incursio-

126 2673 194 2732 nes,
210 2651 301 2715 tribus
322 2672 420 2715 eorum
436 2655 555 2717 ducibus
578 2676 641 2718 cum
657 2675 762 2735 magna
774 2659 860 2738 copia
875 2658 987 2733 caesis,
1004 2654 1122 2717 Germa·

125 2756 238 2819 nosque
253 2738 326 2800 ultra
341 2738 438 2800 Albim
453 2739 568 2802 llnvium
583 2743 750 2818 summovit,
773 2760 810 2802 ex
832 2740 934 2821 qrribus
955 2738 1070 2801 Suebos
1093 2746 1124 2798 et

126 2823 295 2901 Sigambros
311 2823 442 2885 dedentis
458 2843 490 2893 se
511 2824 635 2886 traduxit
649 2829 677 2886 in
693 2825 813 2888 Galliam
828 2835 913 2906 atque
933 2825 962 2884 in
979 2823 1123 2904 proximis
1133 2839 1161 2882 cc

124 2907 227 2970 Rheno
251 2911 330 2986 agris
353 2908 527 2970 conlocarit.
563 2909 645 2972 Alias
666 2911 733 2970 item
753 2912 885 2972 nationes
913 2908 988 2970 mole
1009 2909 1124 2988 quietas

126 2992 162 3053 cd
181 2991 350 3073 obsequium
378 2993 503 3072 redegit.
534 2992 598 3054 Nec
619 2994 669 3055 ulli
685 2995 765 3072 genti
791 2997 853 3056 sine
869 2995 951 3055 iustis
968 3002 998 3054 et
1018 3008 1122 3053 neccs-
1220 3013 1223 3060 t

86 3147 90 3154 .
126 3078 209 3138 soriis
224 3079 319 3139 causis
335 3077 444 3139 bellum
459 3078 567 3156 intulit,
582 3088 746 3159 tantumque
763 3079 832 3140 aluit
843 3098 859 3140 a
872 3078 1028 3158 cupiditate
1051 3091 1122 3156 quo·
1211 3138 1217 3148 ,

127 3177 183 3239 quo
205 3161 289 3222 modo
309 3163 458 3243 imperium
481 3163 529 3223 vel
553 3163 687 3224 bellicam
705 3163 828 3240 gloriam
844 3162 984 3242 augendi,
1007 3169 1037 3220 ut
1052 3175 1121 3238 quo·

125 3242 244 3304 rumdam
265 3245 452 3309 barbarorum
475 3249 623 3329 principes
643 3248 672 3306 in
693 3246 765 3308 aede
781 3247 881 3309 llartis
896 3246 1006 3308 Ultoris
1025 3246 1162 3304 iurcreoc

127 3329 259 3403 coegerit
277 3347 426 3393 mansuros
447 3351 481 3393 se
495 3333 523 3392 in
539 3331 596 3392 ude
613 3348 648 3391 ac
664 3348 737 3414 pace
755 3349 838 3411 qnam
852 3338 1003 3412 peterent,
1030 3327 1122 3406 aqui·

126 3408 246 3469 busdam
266 3429 338 3471 vero
360 3433 464 3476 novum
486 3433 578 3494 genus
594 3413 739 3493 obsidum,
754 3415 890 3491 feminas,
913 3415 1035 3492 exigere
1051 3419 1121 3471 tem·

127 3494 264 3573 ptarerit,
280 3494 357 3572 quod
371 3499 533 3576 neglegere
548 3515 654 3558 marum
669 3501 792 3577 pignera
809 3497 960 3567 sentiebat
979 3505 1009 3557 ct
1026 3505 1123 3555 tamen
