2466 3896
156 233 232 310 150Ι
261 244 291 291 c.
305 241 455 292 suaronr
470 241 597 300 rauna.
616 240 663 288 on
680 239 762 287 vrrs
781 239 1097 288 censueramus.

155 402 211 462 des
230 400 311 460 tanc
329 404 451 476 partem
472 396 623 476 epistulae
642 395 733 456 tutus
754 394 922 474 leqendam.
952 395 1065 456 Rursus
1085 394 1154 454 alte-

153 487 195 544 ris
211 485 329 543 litteris:
1216 529 1217 538 ,

219 566 374 627 Tiberium
391 564 614 627 adulescentem
632 583 687 644 epo
708 581 799 641 cero,
827 564 898 624 dum
913 573 946 626 tu
964 562 1080 642 aberis,
1105 582 1153 626 co·

154 653 228 713 tidie
241 649 380 712 incitabo
398 649 442 710 ad
462 668 607 726 caenam,
636 669 675 710 ne
695 649 782 710 solus
803 656 911 710 coenet
925 667 991 710 cam
1008 667 1066 710 suo
1085 647 1154 710 Sul·

149 739 257 833 picto
262 732 631 808 ianuamianuaim
658 734 764 794 uellem
796 733 970 814 diliqentius
1001 740 1030 794 et
1057 734 1177 794 minuss

153 812 325 901 μετεώρως
347 817 493 899 deliperet
515 818 577 880 sibi
603 819 751 898 aliquem,
789 820 877 879 euius
896 826 1007 880 motum
1026 824 1055 878 et
1068 818 1154 879 itabi-

106 976 109 982 ,
154 914 215 967 tum
243 912 271 966 et
298 904 450 964 incessum
466 905 649 965 imitaretur·
694 902 836 964 Misellus
862 891 991 982 ἀτυχεῖ·
1024 920 1096 963 nam
1121 898 1157 964 ἐν

153 999 221 1062 τοῖς
240 985 452 1086 σπουδαίοις,
479 987 533 1049 ubi
556 1007 618 1087 qon
641 987 802 1049 aberrauit
821 988 888 1048 eius
910 987 1047 1065 animus,
1077 988 1158 1048 sotis

154 1061 322 1155 apparato}
338 1069 396 1154 τῆς
413 1071 519 1152 ψυχῆς
531 1062 637 1133 αὐτοῦ
653 1061 813 1152 εὐγένεια.
842 1071 915 1132 Item
930 1074 1022 1132 tertiis
1037 1071 1155 1133 litteris:

219 1158 372 1222 Tiberium
401 1166 541 1236 nepotem
568 1164 651 1218 tuum
677 1158 806 1236 placere
834 1157 910 1217 milti
937 1145 1217 1252 ιίοοὶιιιιιιιιιιιιιιιι1

150 1246 306 1324 potuisse,
335 1260 464 1338 pereum
482 1244 559 1319 nisi,
591 1259 660 1303 mea
675 1241 782 1318 licia,
812 1241 963 1302 admiror.
1008 1239 1158 1321 Numqui

152 1337 215 1390 tam
229 1325 365 1406 ἀσαφῶς
385 1328 547 1407 loquatur,
580 1327 634 1406 qui
653 1326 759 1406 possit
778 1344 846 1386 cum
868 1325 1024 1387 declamat
1043 1322 1157 1406 σαφῶς
1216 1372 1217 1396 ,

153 1414 351 1492 dicerequcc
366 1410 498 1472 dicenda
514 1418 601 1489 suut,
624 1411 800 1472 consideo.
1216 1409 1217 1436 ³

214 1499 276 1557 Nec
293 1495 407 1556 dubium
419 1506 484 1573 est,
509 1495 576 1576 quid
591 1496 745 1574 posthaec
762 1494 911 1572 Augustus
931 1495 1112 1556 constituerit
1129 1503 1156 1554 et

150 1581 302 1661 reliquerit
322 1598 386 1639 eum
407 1580 487 1639 nullo
504 1589 621 1659 praeter
638 1580 784 1657 auguralis
804 1580 962 1641 sacerdotii
978 1579 1115 1641 honore'
1107 1599 1154 1638 rm·
1166 1602 1187 1643 rs

151 1667 298 1746 partitum,
326 1682 360 1724 ac
377 1681 412 1722 ne
434 1663 572 1724 heredem
588 1663 703 1742 quidem
724 1665 778 1725 nisi
793 1666 868 1725 inter
883 1666 986 1724 tertios
1006 1683 1041 1724 ac
1062 1681 1155 1744 paene
1216 1657 1217 1694 ³

151 1759 307 1810 extraneos
338 1767 355 1808 e
384 1756 467 1827 parte
496 1757 579 1810 sexta
609 1751 795 1829 nuncuparit,
823 1749 923 1829 legato
953 1765 1070 1828 qnoque
1099 1767 1156 1808 non
1216 1795 1217 1798 η

41 1865 116 1922 ,stc
127 1848 142 1884 ⁰
152 1834 273 1912 amplius
292 1851 376 1913 qnam
394 1835 635 1911 octingentorum
642 1836 841 1894 sestertiorum
856 1843 1041 1914 prosecutus.

118 1921 135 1973 5
212 1919 344 1980 Tiberius
371 1926 490 1998 patruus
516 1919 626 1998 petenti
652 1917 780 1980 honores
804 1918 967 1979 consularia
987 1927 1156 1979 ornamenta
1216 1959 1217 1976 ι

149 2003 263 2074 detulit;
295 2003 347 2064 scd
368 2003 517 2063 instantius
533 2003 680 2080 legitimos
698 2003 838 2081 flagitanti
853 2003 892 2063 id
903 2003 995 2063 solum
1013 2001 1217 2063 codicillisn

148 2091 317 2168 rescripsit,
344 2087 557 2168 quadraqinta
588 2104 703 2148 aureos
730 2087 764 2148 in
790 2086 977 2148 Saturnalia
1003 2094 1032 2148 et
1059 2085 1154 2166 Sipil-

149 2174 234 2235 laria
254 2173 377 2234 misisse
398 2173 435 2234 ei.
481 2173 561 2232 Tunc
583 2173 694 2233 demum
715 2171 828 2232 abiecta
851 2190 905 2252 spe
926 2171 1089 2249 dignitatis,
1121 2169 1157 2230 ad
1216 2195 1217 2214 ι

149 2260 237 2318 otium
253 2259 416 2334 consessit,
442 2256 529 2316 modo
545 2259 574 2316 iu
588 2256 681 2317 hortis
697 2265 725 2315 et
741 2255 906 2317 suburbano
924 2255 1010 2316 modo
1026 2256 1055 2316 in
1072 2254 1157 2316 Cam·
1207 2293 1217 2328 ι

149 2344 252 2420 paniae
285 2360 405 2402 secessu
432 2341 625 2418 delitescens,
655 2350 741 2420 atque
773 2359 810 2401 ex
840 2340 1032 2402 contubernio
1062 2339 1157 2400 sordi-

150 2424 330 2486 dissimorum
351 2425 495 2485 hominum
518 2444 608 2505 super
626 2435 756 2486 veterem
778 2426 919 2504 segnitiae
940 2435 1037 2486 notam
1060 2425 1191 2485 ebrie-n
1216 2429 1217 2484 i

147 2510 214 2569 tatis
230 2526 346 2588 quoque
362 2519 391 2570 et
405 2510 488 2570 aleae
504 2511 647 2571 infamiam
662 2509 759 2571 subiit.
1216 2525 1217 2549 ι

212 2591 282 2653 Cum
310 2595 437 2671 interim,
467 2612 637 2675 quamquam
664 2595 721 2655 hoc
745 2594 831 2656 modo
860 2598 972 2673 agenti,
1002 2613 1160 2674 numquam
1216 2565 1217 2650 i

148 2687 196 2740 aut
214 2677 341 2739 officium
361 2677 505 2739 hominum
526 2689 572 2740 aut
595 2679 759 2740 reverentia
775 2679 892 2760 publice
912 2679 1012 2741 deluit.
1057 2677 1159 2758 Eque·
1216 2713 1217 2720 ι

147 2773 208 2824 ster
230 2763 301 2825 ordo
323 2763 368 2822 bis
390 2773 542 2843 patronum
562 2783 627 2824 eum
647 2764 840 2844 perferendae
862 2782 971 2843 prose
997 2764 1160 2842 legationis

147 2847 252 2928 elegit,
285 2848 375 2909 semel
395 2867 458 2909 cum
473 2847 682 2928 deportandum
700 2849 820 2910 Romam
838 2867 947 2930 corpus
963 2848 1089 2927 Augusti
1105 2847 1158 2907 hu·
1171 2867 1194 2907 so
1216 2861 1217 2906 1

146 2933 233 2993 meris
256 2934 315 2993 suis
336 2932 371 2993 ab
397 2933 565 2993 consulibus
592 2943 787 3014 exposceret,
818 2937 920 2994 iterum
943 2953 1006 2994 cum
1032 2949 1161 3012 oppres·

147 3035 208 3077 sum
223 3019 358 3079 Seianum
376 3017 452 3097 apud
467 3019 587 3079 eosdem
602 3017 812 3096 gratularetur;
847 3021 914 3098 quin
930 3028 959 3079 et
975 3015 1162 3099 spectaculis

147 3101 309 3164 advenienti
327 3121 484 3180 assurgere
508 3113 537 3163 et
552 3103 687 3164 lacernas
707 3103 857 3183 deponere
875 3104 999 3165 solebat.
1030 3103 1162 3162 Senatus

54 3259 57 3263 ι
148 3201 279 3264 quoque,
311 3195 342 3247 ut
362 3186 561 3248 adnumerum
581 3187 722 3249 sodalium
739 3187 941 3268 Augustalium
957 3197 1037 3250 sorte
1054 3185 1160 3268 ducta-

146 3284 208 3325 rum
226 3279 307 3331 extra
329 3271 458 3331 ordinem
480 3272 659 3350 adiceretur,
688 3276 799 3334 censuit
815 3283 844 3334 et
863 3292 932 3334 mox
947 3283 977 3334 ut
992 3272 1095 3333 domus
1119 3263 1159 3348 ei,
1171 3291 1195 3331 ss

148 3367 231 3428 quam
246 3353 379 3415 incendio
396 3358 545 3432 amiserat,
575 3356 721 3436 publica
711 3377 842 3457 impensa
864 3360 1082 3431 restitueretur,
1115 3354 1160 3415 di-

149 3431 317 3512 cendaeque
338 3439 412 3497 inter
434 3441 602 3500 consulares
621 3444 806 3503 sententiae*
798 3460 842 3501 rus
863 3452 952 3503 esset
998 3440 1083 3517 Quod
1107 3439 1209 3509 de-

148 3525 258 3577 cretum
279 3517 417 3580 abolitum
434 3531 495 3600 est,
524 3535 681 3586 excusante
705 3526 822 3587 'liberio
845 3525 1072 3586 imbecillitatem
1092 3526 1163 3584 eius
1216 3535 1217 3540 ’

16 2553 134 2656 ,κδ
