2450 3910
89 199 94 208 ’
116 213 177 274 238
196 225 226 275 c.
239 193 389 275 sennenn
400 224 529 285 nonna.
544 225 591 271 nn
602 222 882 272 mosomensem
893 205 961 271 nin.
973 225 1047 273 vm.

116 383 329 458 praefecturam
347 398 462 460 quoque
478 380 605 459 praetori
620 382 751 459 suscepit
764 397 916 459 numquam
934 381 970 441 ad
992 379 1019 441 id
1035 389 1106 441 tenr-

117 486 170 548 pus
187 467 241 525 nisi
255 463 291 525 ab
307 482 354 543 eq.
372 465 408 524 R.
425 463 657 541 administratam,
673 466 791 543 egitque
803 464 948 543 aliquanto
961 465 1106 524 incivilius

116 560 145 611 et
161 549 323 609 violentius.
362 548 509 627 Siquidem
524 550 771 627 suspectissimum
785 566 929 627 quemque
943 547 1013 626 sibi,
1030 567 1105 609 sum-

115 633 210 694 missis
227 633 274 711 qui
289 650 343 711 per
360 631 471 692 theatra
488 641 517 691 et
538 642 633 692 castra
656 634 737 712 quasi
760 650 903 693 consensu
924 631 960 692 ad
980 649 1105 712 poenam

117 718 322 795 deposcerent,
337 715 410 776 baud
426 726 594 777 cunctanter
610 717 766 797 oppressit.
802 715 835 776 ln
850 716 894 775 his
908 715 1012 776 Aulum
1031 715 1103 777 Cae·
1119 742 1134 770 ο

117 803 209 862 cinam
225 800 421 877 consulerem,
444 809 578 860 vocatum
591 801 628 861 ad
645 818 763 861 caenam
786 818 820 860 ac
840 800 956 860 vixdum
976 801 1103 861 triclinio

117 902 277 962 egressum,
291 884 408 944 conlodi
419 885 514 954 iussit3
528 902 597 944 sane
609 893 751 962 urguente
763 883 936 961 discrimine,
949 886 1104 946 cumetiem

117 969 339 1048 chirographum
358 969 624 1048 eiuspraeparetae
639 968 714 1048 apud
728 968 833 1028 milites
846 969 988 1030 contionis
999 967 1102 1048 depre-

115 1053 271 1114 hendisset.
303 1052 412 1128 Quibus
433 1052 520 1112 rebus
544 1053 618 1112 sicut
638 1054 667 1113 in
691 1061 838 1132 posterum
863 1054 1008 1114 securitati
1033 1053 1103 1112 satis

117 1139 207 1215 cavit,
230 1140 269 1198 ita
291 1137 486 1216 adpraesens
508 1136 658 1215 plurimum
678 1139 820 1197 contraxit
834 1136 973 1215 invidiae,
998 1145 1028 1197 ut
1044 1150 1141 1198 nonto

116 1232 225 1282 temere
244 1223 307 1302 quis
322 1231 378 1282 tam
401 1220 525 1298 aduerso
547 1238 662 1281 rumore
682 1222 831 1300 magisque
855 1221 951 1281 invitis
972 1221 1103 1282 omnibus
1119 1225 1154 1285 tt„
1169 1243 1191 1286 r·

117 1306 261 1366 transierit
277 1305 313 1365 ad
328 1307 527 1385 principatum.

85 1405 101 1466 p
179 1389 299 1450 Praeter
314 1390 462 1450 saeuitiam
478 1398 614 1467 suspecta
628 1390 656 1448 in
668 1406 704 1450 eo
717 1391 801 1450 etiam
812 1389 925 1450 luxuria
938 1399 1010 1466 erat,
1025 1388 1103 1468 qnod

116 1472 286 1534 ad‘mediam
303 1482 417 1534 noctem
440 1474 659 1534 comissationes
675 1491 738 1533 cum
760 1473 960 1553 profusissimo
985 1490 1103 1553 quoqne

114 1558 293 1618 familiarium
308 1556 491 1627 extenderem
515 1575 572 1616 nec
592 1559 683 1617 minus
706 1557 810 1632 libido,
830 1566 952 1637 propter
971 1557 1101 1618 exoleta·
1113 1575 1138 1617 rt

115 1660 176 1701 ram
192 1650 220 1700 et
235 1640 394 1719 spadonum
409 1658 518 1719 greges
534 1650 713 1719 propterque
726 1642 868 1719 insignem
882 1643 1002 1718 reginae
1013 1641 1101 1702 Bere-

114 1727 196 1784 nices
212 1741 348 1802 amorem,
365 1726 410 1784 cui
427 1727 512 1784 etiarn
526 1727 640 1802 nuptias
656 1725 802 1804 pollicitus
820 1725 982 1796 ferebatnr;
999 1743 1100 1804 suspe-

116 1818 162 1869 cta
176 1810 333 1888 rapacitas,
352 1808 428 1889 qnod
445 1807 595 1869 constabat
617 1809 646 1867 in
669 1810 884 1888 cognitionibus
899 1811 989 1889 patris
1003 1809 1100 1870 nundi-

114 1894 176 1953 nari
191 1894 401 1973 praemiarique
414 1893 545 1962 solitum;
561 1892 684 1971 denique
697 1889 846 1974 propalam
859 1894 944 1954 alium
954 1893 1101 1954 Neronem

115 1988 144 2039 et
160 1977 348 2057 opinabantur
363 1988 391 2038 et
413 1976 627 2057 praedicabant.
669 1978 707 2038 At
730 1979 773 2039 illi
794 1997 828 2039 ea
851 1979 925 2038 lama
948 1995 1001 2058 pro
1022 1977 1137 2039 bonoco

115 2062 204 2123 cessit
218 2079 418 2142 conversaque
434 2071 479 2123 est
494 2064 522 2121 in
539 2063 675 2122 maximas
691 2062 806 2140 landes,
829 2079 924 2141 neque
946 2063 1017 2122 titio
1041 2061 1101 2123 ullo

114 2155 233 2227 reperto
249 2156 277 2206 et
292 2157 392 2228 contra
406 2146 556 2207 virtutibus
569 2148 693 2206 summis.

176 2228 316 2291 Convivia
336 2231 591 2312 institnitiucunda
611 2232 704 2308 magis
720 2248 803 2310 quarn
819 2229 948 2310 profusa.
981 2228 1100 2306 Amicos

115 2313 214 2392 elegit,
235 2314 336 2398 quibus
355 2316 438 2375 etiarn
454 2323 522 2394 post
537 2333 602 2375 eum
616 2316 763 2396 principes
780 2322 810 2374 ut
831 2322 859 2373 et
880 2312 935 2373 sibi
955 2322 985 2373 et
1004 2315 1048 2374 rei
1069 2332 1100 2394 p.

114 2397 289 2457 necessariis
304 2397 513 2478 adquieverunt
527 2401 745 2478 praecipueque
762 2406 826 2458 sunt
847 2399 901 2458 nsi.
938 2398 1101 2458 Berenicen
1110 2417 1136 2458 aa

115 2481 209 2542 statim
223 2480 258 2540 ab
275 2480 347 2541 urbe
362 2481 476 2560 dimisit,
493 2484 596 2544 invitus
612 2484 735 2544 inuitam.
776 2482 921 2558 Quosdam
937 2501 953 2542 e
969 2484 1099 2560 gratissi·

114 2565 168 2624 mis
183 2562 381 2642 delicatorum,
397 2583 566 2645 quamquam
580 2576 637 2628 tam
651 2567 777 2627 artifices
792 2568 967 2644 saltationis,
988 2575 1017 2626 ut
1032 2583 1102 2627 mox

113 2665 249 2710 scaenam
263 2651 416 2726 tenuerint,
431 2668 488 2710 non
503 2651 589 2711 modo
605 2652 708 2711 fovere
723 2652 879 2729 prolixius,
898 2650 950 2711 sed
965 2659 1101 2730 spectare

115 2733 229 2794 omnino
244 2733 272 2791 in
291 2732 409 2811 publico
424 2743 511 2794 coetu
524 2733 695 2814 supersedit.
728 2734 806 2795 Nulli
825 2737 927 2796 civium
948 2737 1102 2814 quicquum

114 2817 232 2885 ademit:
251 2815 385 2878 abstinuit
400 2818 505 2895 alieno,
520 2828 549 2879 ut
563 2821 587 2879 si
602 2821 665 2898 quis
679 2837 827 2899 umquam;
844 2837 879 2878 ac
894 2837 930 2878 ne
943 2836 1101 2879 concessas
1111 2839 1138 2881 eo

114 2900 228 2981 quidem
255 2920 290 2963 ec
311 2901 411 2962 solitas
434 2903 613 2964 conlationes
635 2905 758 2981 recepit.
798 2901 836 2962 Et
866 2910 960 2963 tamen
985 2903 1101 2962 nemine

114 2994 179 3046 ante
195 3004 227 3045 se
241 2987 433 3047 munificentia
451 2987 560 3065 minor,
584 2987 793 3066 amphitheatro
816 2985 948 3047 dedicata
969 2984 1097 3046 thermis·

114 3086 170 3146 qne
189 3069 266 3129 iuxta
287 3069 423 3130 celeriter
442 3073 606 3150 extructis„
619 3089 719 3131 munus
741 3070 829 3131 edidit
851 3071 1099 3149 apparatissimum

112 3151 376 3231 largissimumqne;
399 3152 477 3213 dedit
491 3164 521 3214 et
537 3156 639 3216 navale
663 3155 804 3234 proelium
823 3156 852 3214 in
872 3154 965 3213 ueteri
985 3171 1100 3215 neuma·

115 3233 187 3310 chia,
210 3233 315 3295 ibidem
338 3245 367 3296 et
393 3237 572 3314 gladiatores
598 3247 684 3318 atque
709 3255 767 3299 uno
792 3237 839 3298 die
871 3239 994 3317 quinque
1020 3237 1137 3302 miliaco

115 3332 200 3374 omne
218 3334 309 3391 genus
323 3319 458 3381 ferarum.
549 3349 551 3354 v

81 3407 102 3463 8
173 3395 280 3458 Natura
295 3411 387 3461 autern
403 3402 698 3483 benivolentissimus,
717 3424 781 3466 curn
803 3423 841 3466 ex
858 3406 985 3466 instituto
1000 3404 1100 3466 'l'iberi

115 3496 215 3539 omnes
241 3478 344 3542 debinc
366 3483 506 3546 caesares
527 3487 668 3568 benellcia
694 3507 712 3550 a
733 3488 932 3570 superioribus
956 3505 1100 3552 concessa
