2450 3910
391 275 496 325 ornus
513 276 759 327 vassasrarrus.
1016 265 1078 327 225

83 435 150 494 tium
173 431 306 493 euntibus
328 434 357 492 in
380 443 478 494 monte
503 451 611 493 sommo
634 435 800 515 appellatur
820 435 1000 514 Vespasiae,
1031 435 1078 495 ubi
1133 435 1139 446 ’

84 519 293 598 Vespasiorum
312 517 461 597 complura
477 528 658 578 monumenta
673 529 779 597 extant,
792 537 927 598 magnum
944 519 1078 580 iudicium

19 631 24 646 ·
82 601 248 683 splendoris
261 602 386 664 familiae
412 611 441 662 et
463 604 625 664 vetustatis.
664 602 730 663 Non
752 605 921 682 negaverim
943 605 1079 667 iactatum

82 705 97 748 a
115 687 291 767 quibusdam,
310 686 443 748 Petronis
459 696 572 766 patrem
587 705 604 748 e
621 689 742 765 regione
759 688 965 768 Transpadana
987 690 1078 750 luisse

55 774 242 850 emancipem
258 789 429 851 operarum,
455 790 531 851 quae
546 791 583 832 ex
599 771 717 834 Umbria
737 774 765 832 in
782 772 906 833 Sabinos
928 773 965 835 ad
987 775 1077 835 cultu·

79 875 293 936 ramagrorum
311 858 478 934 quotannis
503 874 665 918 commeare
687 857 816 927 soleant;
838 855 1007 919 subsedisse
1029 878 1078 920 au·

78 950 138 1002 tem
153 943 182 1000 in
198 939 310 1021 oppido
328 941 464 1020 Reatino,
484 960 578 1003 uxore
591 941 696 1002 ibidem
711 941 806 1002 ducta.
838 941 907 1021 lpse
932 960 969 1002 ue
990 945 1077 1003 vesti-

76 1028 158 1104 gium
175 1025 289 1104 quidem
305 1025 342 1085 de
358 1025 430 1104 boc,
451 1028 581 1105 quamvis
601 1028 671 1087 satis
687 1027 802 1087 curiose
822 1027 1012 1106 inquirerem,
1037 1029 1077 1086 iu-

77 1129 157 1170 vena.

41 1216 67 1258 ro
142 1196 344 1274 Vespasianus
360 1204 444 1255 natus
458 1203 503 1255 est
516 1195 544 1254 iu
557 1195 671 1255 Sabinis
682 1195 755 1254 ultra
767 1195 860 1256 Reate
872 1195 939 1255 vico
951 1193 1106 1272 modico,2

76 1281 125 1342 cui
141 1296 247 1341 nomen
259 1287 304 1338 est
316 1277 497 1355 Phalacrine,
511 1278 577 1340 XV.
590 1279 636 1340 ldl.
648 1279 742 1339 Decb.
755 1280 885 1358 vesperi,
898 1279 933 1354 Q.
947 1277 1077 1358 Sulpicio

77 1364 249 1440 Camerino,
268 1361 302 1423 C.
317 1363 459 1443 Poppaeo
477 1362 586 1424 Sabino
604 1382 684 1424 cons.
702 1364 896 1442 quinquennio
911 1372 978 1424 ante
993 1381 1078 1442 quam

74 1451 230 1525 Augustus
247 1447 421 1518 excederet;
446 1447 585 1508 educatus
606 1447 658 1508 sub
677 1457 797 1526 paterna
817 1449 882 1510 avia
900 1447 1029 1510 Tertulla
1049 1449 1078 1507 in

75 1532 209 1614 praediis
227 1531 361 1593 Cosanis.
394 1532 492 1607 Quare
508 1535 648 1612 princeps
664 1551 781 1613 quoque
799 1543 828 1594 et
848 1534 944 1594 locum
961 1533 1077 1593 incuna-

37 1636 62 1679 ιι
74 1617 213 1678 bulorum
235 1616 350 1677 assidue
371 1618 583 1697 frequentavit,
613 1628 747 1678 manente
765 1617 835 1679 villa
864 1618 956 1697 qualis
984 1617 1079 1678 iuerat

74 1703 166 1779 olim,
188 1701 310 1781 nequid
333 1703 447 1763 scilicet
470 1702 620 1762 oculorum
642 1702 841 1763 consuetudini
865 1702 1028 1783 deperiret;
1049 1709 1079 1761 et

73 1789 161 1849 aviae
177 1788 346 1846 memoriam
362 1795 442 1847 tanto
460 1787 553 1866 opere
570 1787 685 1866 dilexit,
704 1797 736 1847 ut
749 1786 939 1848 sollemnibus
950 1787 1077 1848 aelestis

72 1871 181 1932 diebus
197 1871 308 1950 pocillo
326 1889 443 1950 quoque
460 1873 523 1931 eius
545 1881 688 1950 argenteo
709 1880 812 1950 potare
830 1873 1077 1952 perseveraverit.

137 1955 255 2034 Sumpta
265 1955 342 2015 virili
353 1964 434 2032 toga,
446 1954 534 2014 latum
547 1956 670 2031 clavum,
685 1973 854 2035 quamquam
861 1956 951 2016 fratre
960 1955 1077 2034 adepto,

33 2042 123 2103 codiu
140 2049 293 2100 aversatus
310 2045 366 2116 est,
381 2056 437 2097 nec
458 2047 489 2098 ut
508 2038 623 2099 taudem
644 2048 800 2118 appeteret
830 2039 969 2118 compelli
989 2040 1043 2098 nisi
1061 2057 1078 2098 a

69 2133 168 2187 matre
189 2125 290 2202 potuit.
318 2122 362 2183 Ea
378 2121 491 2183 demum
509 2122 621 2183 extudit
648 2125 740 2200 magis
760 2125 895 2184 convicio
911 2140 994 2202 qnam
1010 2140 1077 2202 pre·

70 2209 159 2272 cibus
175 2208 224 2268 vel
240 2210 428 2286 auctoritate,
449 2206 514 2268 dum
537 2226 601 2268 eum
622 2207 778 2268 identidem
802 2226 856 2288 per
877 2207 1077 2268 contumeliam

70 2293 330 2356 anteambulonem
345 2293 443 2352 iratris
459 2291 601 2371 appellat.

145 2377 331 2438 Tribunatum
347 2376 466 2437 militum
482 2378 510 2436 in
527 2376 650 2438 l'bracia
666 2378 784 2447 meruit;
808 2385 945 2454 quaestor
962 2374 1078 2436 Cretam

31 2481 59 2522 rc
70 2473 102 2524 et
120 2461 253 2537 Cyrenas
273 2462 453 2540 provinciam
469 2471 548 2521 sorte
566 2463 660 2541 cepit;
685 2460 840 2522 aedilitatis
859 2479 895 2520 ac
909 2477 978 2522 mcx
992 2478 1076 2540 prae·

67 2558 158 2608 turae
179 2545 358 2623 candidatus,
375 2546 453 2605 illam
469 2563 527 2606 non
551 2549 612 2606 sine
633 2547 752 2625 repulsa
775 2554 919 2624 sextoque
940 2549 989 2606 vix
1010 2545 1076 2606 ade·

67 2642 143 2712 ptus
160 2639 205 2690 est
220 2631 300 2707 loco,
316 2629 392 2691 hanc
410 2631 501 2709 prima
518 2631 613 2690 statim
625 2632 767 2710 petitione
779 2637 808 2689 et
819 2631 848 2689 in
860 2632 975 2709 primis;
993 2647 1076 2708 prae·

66 2727 120 2777 tor
136 2715 280 2774 infensum
296 2716 407 2774 senatui
427 2714 528 2776 Gaium
543 2733 580 2774 ne
598 2733 656 2794 quo
675 2733 732 2776 non
744 2732 855 2793 genere
867 2714 1074 2789 demereretur,

64 2800 160 2862 iudos
176 2799 424 2859 extraordinarios
446 2816 500 2878 pro
521 2799 645 2861 victoria
669 2800 730 2860 eius
754 2797 923 2860 Germanica
944 2798 1075 2877 depopo-

26 2899 55 2942 ιο
66 2887 140 2960 scit,
157 2900 330 2962 poenaeque
351 2884 566 2944 coniuratorum
582 2883 743 2945 addendum
759 2883 870 2942 censuit
888 2891 918 2942 ut
939 2881 1076 2960 insepulti

64 2969 290 3051 proicerentur.
319 2967 390 3046 Egit
404 2977 433 3028 et
451 2971 562 3046 gratias
580 2970 607 3028 ei
623 2967 699 3048 apud
716 2967 920 3046 amplissimum
934 2964 1075 3042 ordinem,

65 3051 154 3134 qaod
170 3071 203 3111 se
219 3051 333 3112 honore
349 3070 460 3112 caenae
477 3053 612 3131 dignatus
630 3061 719 3112 esset.

135 3136 216 3196 luter
231 3137 307 3196 haec
321 3135 452 3197 Flauiam
469 3135 646 3198 Domitillam
662 3137 744 3197 duxit
759 3152 890 3214 uxorem,
909 3134 1002 3195 Statili
1021 3132 1106 3197 (la-3

64 3221 173 3303 pellae
190 3221 295 3300 equitis
313 3221 348 3282 R.
367 3221 554 3283 Sabratensis
570 3239 608 3281 ex
622 3221 723 3281 Africa
741 3221 891 3281 delicatam
915 3219 983 3280 olim
1001 3218 1074 3280 bati·

24 3323 188 3383 sanaeque
203 3305 396 3383 condicionis,
414 3304 465 3366 sed
482 3323 552 3366 mox
569 3306 725 3384 ingenuam
741 3314 770 3366 et
786 3306 878 3366 civem
893 3305 977 3365 Rom.
1000 3305 1075 3367 reci-

61 3391 224 3472 peratorio
239 3390 347 3472 iudicio
364 3391 586 3469 pronuntiatam,
604 3400 686 3469 patre
703 3399 853 3451 asserente
871 3387 972 3451 Flavio
990 3388 1074 3450 bibe-

58 3475 134 3536 rale
153 3472 272 3534 Ferenti
287 3476 386 3552 genito
404 3492 459 3535 nec
477 3477 632 3556 quicquam
657 3475 779 3556 amplius
802 3493 886 3556 quam
910 3475 1075 3554 quaestorio
1094 3493 1099 3500 ·

59 3555 181 3622 scriba.
227 3557 273 3618 llx
290 3559 345 3619 bac
358 3558 470 3621 liberos
486 3561 551 3620 tulit
566 3561 659 3622 'litum
677 3572 705 3622 et
722 3560 914 3622 Domitianum
937 3569 965 3621 et
979 3559 1076 3620 Domi·

118 3660 276 3703 susroruus.
832 3649 868 3708 15

1192 3585 1206 3666 l
