2450 3910
143 227 205 290 220
230 241 259 291 c.
274 241 426 290 sunronr
438 239 567 298 ranno.
580 218 628 286 n‘re
638 239 722 288 urna
733 237 919 287 erasmum
931 238 1000 286 mo.
1014 237 1073 285 un.

145 403 239 472 ceret,
254 395 458 473 inchoantique
475 392 642 455 Neroniana
657 395 770 455 cantica
784 394 893 474 primus
904 392 1036 454 exultans
1050 393 1141 454 etiam
1209 431 1210 472 3

100 487 134 542 12
145 481 261 560 plausit.
292 477 410 539 Talibus
425 479 590 557 principiis,
607 497 739 556 magnam
756 479 869 557 imperii
890 487 1001 556 partem
1022 480 1141 540 nonnisi

143 564 265 624 consilio
286 571 315 623 et
332 561 451 623 arbitrio
471 562 602 622 uilissimi
624 563 765 640 cuiusque
786 561 955 624 histrionum
977 569 1006 622 et
1021 563 1139 639 auriga·

140 666 203 708 rum
224 647 444 723 administrauit,
471 655 500 706 et
517 649 639 708 maxime
661 646 782 708 Asiatici
804 645 910 706 liberti.
938 645 1019 706 Hunc
1037 644 1138 706 adule-
1209 681 1210 700 t

141 732 301 792 scentulum
316 740 410 793 mutua
420 730 537 792 libidine
549 739 772 809 constupratum,
789 748 858 792 mox
871 730 967 791 taedio
980 728 1139 808 profugum
1151 746 1169 786 s

143 833 207 876 cum
220 815 349 876 Puteolis
370 832 490 894 poscam
510 815 684 876 uendentem
704 812 957 894 reprehendisset,
979 816 1084 874 coiecit
1107 816 1138 874 in
1209 821 1210 868 t

143 899 301 980 compedes
316 903 469 978 statimque
485 900 573 961 soluit
588 908 616 960 et
626 917 726 959 rursus
736 901 766 958 in
778 898 891 958 deliciis
903 898 1016 967 habuit;
1032 899 1138 960 iterum

142 984 245 1045 deinde
261 983 298 1044 cb
315 984 429 1044 nimiam
444 985 651 1044 contumaciam
668 991 697 1043 et
710 983 895 1044 ferocitatem
908 991 1061 1060 grauatus,
1079 984 1136 1042 cir·
1209 1005 1210 1050 t

143 1068 328 1130 cumforaneo
350 1067 472 1130 lanistae
493 1067 622 1128 uendidit
642 1067 818 1146 dilatumque
841 1067 876 1128 ad
903 1069 988 1127 finem
1008 1069 1137 1127 muueris

140 1161 263 1233 repente
278 1151 430 1232 subripuit,
447 1160 476 1212 et
489 1152 639 1230 prouincia
656 1151 768 1212 demum
780 1160 902 1230 accepta
913 1152 1082 1228 manumisit,
1100 1169 1136 1211 ac
1148 1171 1180 1212 ιο

141 1240 233 1318 primo
249 1237 362 1316 imperii
378 1236 424 1296 die
441 1237 536 1296 aureis
552 1235 670 1298 donauit
688 1235 781 1296 anulis
802 1253 891 1314 super
913 1253 1048 1311 caenam,
1070 1253 1139 1296 cum

140 1340 235 1398 mane,
249 1320 420 1398 rogantibus
432 1337 485 1400 pro
498 1337 535 1382 eo
550 1322 670 1397 cunctis,
684 1320 844 1384 detestatus
857 1328 937 1380 esset
947 1321 1137 1382 seuerissime

141 1407 230 1468 talem
245 1405 390 1483 equestris
406 1405 514 1465 ordinis
532 1405 682 1466 maculam.

101 1507 134 1562 13
203 1489 261 1550 Sed
277 1488 325 1550 uel
340 1491 497 1566 praecipue
514 1489 643 1550 luxuriae
659 1491 855 1568 saeuitiaeque
878 1488 1007 1566 deditus,
1030 1487 1136 1568 epulas

140 1574 278 1634 trifariam
293 1591 417 1650 semper,
432 1573 573 1634 interdum
588 1573 789 1653 quadrifariam
804 1572 1008 1652 dispertiebat,
1030 1575 1058 1631 in
1073 1573 1134 1634 ien·
1145 1594 1177 1636 rs

106 1673 127 1708 x
140 1656 235 1718 tacula
252 1664 281 1715 et
295 1655 415 1732 prandia
430 1665 459 1716 et
472 1675 580 1717 caenas
593 1658 880 1737 comissationesque,
898 1657 987 1718 facile
1002 1655 1136 1717 omnibus

142 1740 291 1801 sufficiens
318 1738 472 1801 uomitandi
507 1740 725 1802 consuetudine.
764 1741 914 1803 indicebat
938 1750 1033 1802 autem
1056 1740 1136 1804 aliud

141 1825 190 1886 alii
204 1822 306 1883 eadem
319 1823 376 1901 die,
392 1842 447 1884 nec
464 1825 595 1904 cuiquam
609 1826 700 1886 minus
716 1827 821 1903 singuli
832 1834 988 1905 apparatus
1000 1825 1134 1904 quadrin-

140 1910 225 1987 genis
239 1906 353 1968 milibus
370 1927 511 1970 nummum
527 1911 725 1970 constiterunt.
753 1909 957 1971 Famosissima
973 1927 1062 1988 super
1084 1927 1133 1969 ee·

140 2003 219 2054 teras
231 1993 284 2052 fuit
302 2011 392 2054 caena
406 1993 471 2054 data
489 1996 516 2052 ei
532 1993 693 2055 aduenticia
710 2013 726 2054 a
741 1994 844 2072 fratre,
866 1996 895 2054 in
912 2013 966 2074 qua
982 1994 1039 2055 duo
1055 1994 1176 2055 miliaco

139 2078 361 2139 lectissimorum
390 2079 527 2156 piscium,
558 2086 671 2158 septem
696 2080 790 2139 auium
815 2082 949 2158 apposita
975 2078 1133 2138 traduntur.

139 2161 221 2223 lianc
236 2178 351 2240 quoque
367 2164 537 2240 exuperauit
552 2163 617 2240 ipse
633 2162 814 2223 dedicatione
835 2165 966 2242 patinae,
990 2181 1074 2240 quam
1094 2161 1133 2224 oh

140 2249 304 2306 immensam
319 2247 540 2322 magnitudinem
557 2246 687 2324 clipeum
706 2245 867 2307 Minervae
887 2241 1070 2325 πολιούχου
1091 2246 1134 2306 di·

141 2328 268 2390 ctitabat.
291 2329 323 2388 ln
336 2329 390 2390 hac
407 2349 556 2392 scarorum
571 2332 710 2409 iocinera,
729 2330 930 2409 phasianarum
945 2341 974 2391 et
989 2347 1135 2411 pauonum

51 2431 53 2437 ·
142 2412 305 2488 cerebella,
327 2412 441 2490 linguas
462 2414 773 2494 phoenicopterorum,
791 2433 971 2476 murenarum
991 2415 1101 2492 lactes,
1117 2434 1175 2478 aas

140 2495 255 2557 Parthia
270 2513 361 2575 usque
377 2497 512 2577 fretoque
528 2498 686 2578 Hispanico
703 2518 756 2578 per
771 2499 934 2560 nauarchos
949 2518 984 2560 ac
999 2501 1134 2561 triremes

141 2581 304 2660 petitarum,
322 2582 509 2644 commiscuit.
539 2583 577 2646 Ut
594 2593 688 2644 autem
702 2583 788 2646 homo
804 2601 862 2644 uon
875 2584 1034 2664 profundae
1044 2583 1132 2644 modo

140 2663 193 2725 sed
208 2666 428 2742 intempestiuae
444 2684 559 2746 quoquc
576 2687 611 2728 ac
626 2667 760 2728 sordidae
775 2669 873 2746 gulas,
891 2687 927 2728 ne
941 2670 971 2728 in
986 2668 1132 2730 sacrificio

141 2748 255 2826 quidem
267 2767 398 2828 umquam
412 2759 460 2812 aut
472 2752 574 2812 itinere
590 2752 650 2813 ullo
665 2753 847 2831 temperavit,
861 2755 929 2832 quin
940 2754 1016 2813 inter
1031 2751 1133 2819 altaria

71 2907 75 2918 Ι
139 2832 245 2894 ibidem
261 2835 354 2893 statim
370 2837 467 2896 uiscus
482 2844 511 2896 et
525 2836 542 2872 *
556 2836 642 2897 farris
659 2855 752 2916 paene
766 2846 849 2915 rapta
862 2855 877 2896 e
889 2837 959 2898 foco
971 2837 1130 2914 manderet,
1141 2852 1175 2898 ao

140 2918 276 2997 circaque
297 2918 404 2980 uiarum
426 2921 549 3000 popinas
570 2920 705 2981 fumantia
726 2919 864 2999 obsonia,
887 2921 935 2981 uel
949 2921 1076 3000 pridiana
1089 2930 1131 2981 at-

140 3020 196 3081 que
215 3019 338 3062 semesa.

98 3090 131 3148 14
202 3087 313 3146 Pronus
334 3104 406 3147 uero
432 3088 468 3148 ad
494 3088 699 3169 cuiuscumque
727 3098 757 3149 et
780 3107 960 3169 quacumque
985 3089 1022 3150 de
1042 3107 1132 3152 causa
1209 3139 1210 3144 η

138 3187 241 3229 necem
257 3179 342 3248 atque
359 3172 541 3250 supplicium,
557 3173 670 3234 nobiles
685 3175 780 3250 uiros,
805 3173 1022 3253 condiscipulos
1038 3182 1066 3234 et
1081 3192 1130 3234 ae·
1209 3164 1210 3244 ζ

139 3252 239 3328 quales
265 3272 351 3332 suos,
378 3255 509 3316 omnibus
530 3256 675 3318 blanditiis
695 3266 803 3318 tanturn
823 3276 880 3319 non
901 3257 937 3318 ad
960 3261 1170 3319 societatemas
1209 3263 1210 3324 l

138 3334 251 3410 imperii
263 3335 461 3417 adlicefactos,
477 3342 559 3400 uario
572 3359 681 3417 genere
693 3342 802 3402 fraudis
814 3341 936 3410 occidit:
950 3345 1033 3403 etiam
1045 3360 1131 3402 unum
1209 3333 1210 3360 ¹

138 3432 252 3474 veneno
268 3433 350 3480 manu
368 3441 418 3482 sua
435 3432 573 3501 porrecto
588 3425 616 3482 in
635 3441 726 3502 aquae
742 3424 865 3503 frigidae
887 3428 1023 3505 potione,
1045 3442 1129 3504 quarn
1209 3433 1210 3486 l

138 3499 163 3558 is
179 3496 311 3560 adfectus
326 3502 408 3562 febre
426 3515 612 3583 poposcerat.
643 3507 714 3568 'lum
728 3510 942 3569 foeneratorum
960 3517 990 3569 et
1011 3507 1130 3590 stipula·
1209 3521 1210 3524 ’
