2434 3908
476 231 684 280 PRAEFATIO.
884 231 1020 278 LXXXIX

121 397 298 464 opportunus
315 391 409 448 evenit
424 391 585 463 Tranquillo
600 392 645 447 vel
666 390 746 447 nobis
765 391 849 447 vitam
863 409 891 464 p.
908 399 976 462 300,
992 397 1027 452 29

124 475 240 532 relatam
261 474 287 530 ei
309 475 416 532 auetori
432 475 636 532 adserentibus.
681 475 865 546 Hieronymus
887 475 959 531 enim
977 477 1026 532 ad-

124 575 223 614 versus
242 558 416 630 Scaligerum
433 559 624 615 casaubonum
640 559 802 615 Salmasium
814 559 961 630 vossium,
980 557 1027 630 qui

123 643 159 699 ab
174 641 304 714 imperito
319 643 430 699 homine
445 643 560 699 saeoulo
575 640 612 697 Vl
627 642 702 698 illam
720 643 803 699 vitam
818 643 948 714 seriptum
964 644 1026 715 opi-

121 726 180 783 nati
196 733 269 797 sunt,
289 742 341 798 pro
355 727 516 799 Tranquillo
533 741 654 798 sponsor
667 728 863 799 producendus
877 734 927 783 est.
972 726 1025 794 oui

123 810 178 866 nisi
199 810 271 882 apud
288 811 389 866 bonum
409 811 530 880 aliquem
545 816 686 866 auctorem
706 809 861 867 invenisset
881 811 1025 883 seriptum,

122 893 238 950 Plinium
269 893 424 950 Seeundum
449 893 685 950 Novocomensem
715 894 877 950 historicum
906 895 1026 967 perisse,

122 979 186 1034 dum
196 977 302 1034 viseret
318 979 482 1034 Vesuvium:
505 983 581 1033 certe
602 978 630 1032 in
647 979 707 1034 eius
724 978 797 1034 modi
812 978 980 1035 oblivionem
997 983 1025 1034 et

121 1061 386 1119 inconsiderantiam
400 1078 455 1118 non
469 1061 643 1131 incurrisset,
657 1068 688 1116 ut
703 1063 737 1119 ad
751 1067 819 1123 a.79
831 1069 951 1118 montem
966 1064 1023 1117 Ve-

121 1145 231 1201 suvium
251 1146 388 1202 seriberet
403 1145 537 1217 regiones
553 1145 660 1202 vicinas
680 1153 708 1202 et
721 1146 806 1201 urbes
827 1163 887 1202 eum
904 1146 1023 1201 homini-

121 1230 173 1285 bus
189 1230 343 1300 exussisse,
361 1236 389 1285 et
403 1229 479 1286 XXX
495 1228 575 1286 annis
593 1237 658 1301 post
674 1246 754 1286 anum
766 1231 800 1286 de
815 1229 852 1286 iis
865 1229 1023 1285 hominibus

124 1314 248 1370 traderet
263 1313 401 1386 insignem
421 1313 544 1370 hobitum
562 1331 626 1369 esse
642 1314 813 1370 historicum.
859 1312 954 1368 Deleri
970 1328 1023 1368 vo-

122 1397 181 1452 lunt
195 1399 282 1454 uerba
296 1396 399 1469 ‘periit
413 1397 475 1452 dum
488 1397 555 1452 visit
568 1397 734 1454 Vesuvium'
751 1399 785 1454 ab
801 1396 927 1453 omnibus
942 1395 1023 1451 libris

122 1481 401 1553 ehronographisque
415 1487 535 1550 servata,
552 1481 653 1537 sedne
668 1480 857 1538 ‘historiens'
870 1480 978 1552 quidem
994 1479 1023 1535 in

120 1565 256 1620 minorem
277 1563 392 1620 Plinium
415 1560 596 1639 eonvenitffi).
639 1566 713 1624 Talei
733 1571 851 1638 arguunt
873 1565 902 1620 in
916 1564 1023 1621 maiore

122 1644 394 1703 'Novocomensem'
415 1648 547 1720 patriam,
574 1649 624 1704 sed
638 1650 767 1706 Veronae
792 1666 860 1706 suae
881 1655 1023 1706 auctorem

122 1744 178 1784 non
201 1730 305 1787 habeut
326 1737 373 1787 aut
394 1732 574 1788 uetustiorem
597 1739 644 1788 aut
665 1734 813 1790 certiorem
834 1731 1021 1789 llansionario

120 1813 288 1869 Veronensi.
332 1815 442 1871 llaneet
468 1814 553 1884 igitur
574 1816 670 1873 verbis
694 1819 728 1874 ab
753 1818 922 1887 Hieronymo
953 1823 1022 1871 tam-

121 1913 202 1967 quam
226 1896 314 1952 invito
331 1897 431 1969 positis
453 1915 503 1954 sua
528 1901 688 1956 auotoritas.
732 1901 769 1956 At
785 1917 863 1972 quem
881 1906 1022 1956 auetorem

120 1981 157 2036 de
179 1979 245 2036 vitis
266 1977 417 2036 illustrium
432 1982 555 2038 uirorum
574 1983 670 2038 babuit
687 1970 800 2054 qraeter
816 1975 1023 2055 Tranquillum?

184 2063 242 2120 Sed
257 2069 287 2119 ut
303 2064 440 2120 mittamus
455 2064 666 2135 Hieronymum,
690 2067 751 2138 ipsa
769 2067 849 2121 Plinii
873 2065 930 2121 vita
953 2064 1022 2120 nihil

121 2165 188 2204 sene
210 2148 296 2204 habet
312 2164 366 2219 quo
383 2147 546 2204 Suetonium
568 2155 709 2205 duetorem
731 2156 889 2222 suspectum
910 2149 1018 2203 reddat.

118 2231 273 2304 lusoriptus
303 2238 347 2287 est
370 2232 466 2288 titulus
492 2232 553 2288 ‘Ex
576 2233 706 2302 catalogo
726 2233 848 2289 virorum
872 2231 1020 2288 illustrium

120 2315 292 2386 Tranquilli'
314 2322 362 2372 aut
379 2315 549 2372 ‘Suetonius
565 2316 740 2387 Tranquillus
758 2317 785 2372 in
804 2317 877 2372 libro
895 2315 930 2370 de
949 2315 1020 2370 viris

121 2397 277 2455 illustribus
285 2401 307 2469 '‚
323 2399 464 2472 reperitur
479 2399 507 2456 in
522 2401 614 2456 multis
630 2401 774 2457 oodieibus
793 2406 821 2456 et
835 2401 880 2456 vel
896 2399 1019 2456 saeeXl

120 2483 251 2554 seriptis,
271 2483 341 2538 nihil
356 2483 432 2539 inest
446 2492 541 2556 aperte
558 2485 656 2540 lalsum
672 2491 718 2541 aut
732 2485 869 2558 ineptum,
887 2483 1020 2540 nonnulla

120 2572 175 2620 tem
190 2565 219 2620 in
239 2566 379 2639 principio
397 2585 475 2639 quam
497 2568 525 2623 in
545 2569 598 2624 line
614 2569 729 2641 propria
749 2575 813 2626 sunt
832 2585 866 2625 ao
887 2582 1019 2639 nusquam

119 2649 188 2704 alibi
206 2649 326 2722 scripta,
341 2650 461 2721 denique
476 2667 567 2707 sermo
583 2668 637 2709 non
653 2654 794 2709 abhorret.
838 2652 873 2708 Et
887 2649 1018 2708 debuisse

119 2732 216 2804 utique
233 2732 437 2846 ingilustribus
454 2734 523 2790 viris
546 2737 636 2792 locum
651 2736 740 2793 Plinio
756 2736 912 2808 assignari,
931 2731 1019 2789 nemi-

120 2832 181 2870 nem
196 2817 264 2872 latet
290 2813 316 2890 ).
1052 2825 1054 2829 '

119 2946 320 2956 -a--—-—-.

187 3009 234 3073 85)
243 3011 308 3062 Eum
319 3027 419 3078 quoque
428 3013 574 3063 historicum
586 3013 666 3064 luisse
677 3017 849 3065 demonstrare
859 3014 912 3064 vult
920 3012 1018 3063 Vallar·

119 3080 173 3130 sius
186 3079 220 3128 ed
231 3096 288 3130 eum
302 3082 384 3132 looum
403 3081 521 3132 chronici.
558 3081 674 3134 Ceterum
690 3096 753 3148 quos
766 3082 866 3132 codices
880 3081 948 3131 idem
958 3082 1019 3132 Val-

118 3147 210 3198 larsius
223 3148 316 3200 liberos
323 3166 380 3202 esse
390 3153 424 3201 uit
436 3150 605 3201 additamento
624 3151 674 3213 illo,
689 3150 756 3216 quod
766 3157 805 3200 est
813 3149 970 3213 deVesuvio,
986 3150 1018 3201 ti·

119 3230 174 3266 meo
193 3231 224 3266 ue
237 3218 338 3270 saeculo
349 3219 407 3270 XV.
420 3233 471 3270 non
489 3221 641 3271 vetustiores
656 3221 714 3270 sint.

187 3283 235 3348 80)
257 3288 382 3339 Intellexit
403 3287 452 3338 hoo
474 3289 639 3340 casaubonus
661 3304 774 3353 quoque,
798 3288 844 3340 sed
866 3287 930 3338 mira
951 3286 1018 3340 iudi·

117 3354 194 3404 enndi
211 3357 378 3421 perversitate
395 3358 474 3408 vitam
490 3374 516 3423 p.
532 3357 592 3416 301,
610 3358 626 3408 5
643 3358 761 3424 positam,
780 3372 855 3421 quam
873 3357 1018 3408 Mensiona·

118 3423 172 3472 nius
191 3422 233 3473 ille
254 3423 436 3476 eSuetoniane
450 3435 475 3476 et
486 3426 560 3478 Plinii
574 3427 687 3493 epistolis
704 3425 730 3486 3,
741 3427 765 3477 5.
784 3427 810 3490 0,
823 3427 854 3478 16
871 3433 896 3478 et
909 3427 963 3478 suis
978 3425 1018 3475 iu·

117 3491 193 3556 eptiis
212 3494 385 3553 eonoinnavrt.
406 3495 565 3548 vetustiorem
587 3496 747 3547 existimavit.
