2466 3896
167 195 224 257 130
252 208 282 256 c.
300 206 448 256 sunrour
466 206 594 266 annuo.
606 206 655 252 nn
672 207 754 254 vrrs
771 206 955 255 erasmum
971 207 1039 253 mn.
1052 205 1120 253 mr.

163 363 372 432 educabantur:
399 380 466 423 mox
486 360 573 422 anio
598 360 699 423 Cassio
728 361 858 442 Longino
889 361 1033 424 consulari
1061 361 1161 423 conlo·

164 458 255 508 catam
272 445 391 507 abduxit
409 456 439 506 et
461 445 622 506 immodum
646 449 739 508 iustae
760 449 858 507 uxoris
876 446 1026 526 propalam
1046 445 1161 516 habuit:

162 530 298 592 heredem
314 548 429 611 qnoque
445 530 585 591 bonorum
600 541 685 611 atque
700 533 814 611 imperii
836 549 926 608 aeger
945 531 1072 591 instituit.
1104 531 1161 592 Ea·

162 617 227 676 dem
242 614 391 693 defuncta,
419 617 554 675 iustitium
574 615 690 694 indixit,
720 617 748 676 in
771 633 827 696 quo
849 616 949 676 risisse
968 615 1077 677 lavisse
1095 634 1160 676 cae-

161 718 246 760 nasse
262 718 325 760 cum
341 699 507 779 parentibus
530 709 578 760 aut
594 702 719 780 coniuge
737 701 874 762 liberisue
894 699 1000 780 capital
1015 701 1077 761 luit.
1114 698 1184 760 aen

161 785 301 844 maeroris
316 785 483 865 impatiens,
514 803 577 844 oum
596 794 718 864 repente
733 794 821 846 noctu
839 785 1019 864 profugisset
1034 783 1069 845 ah
1086 785 1160 845 urbe

161 871 473 947 transcucurrissetque
491 867 690 948 Campaniam,
711 868 872 945 Syracusas
890 871 976 949 petit,
1001 887 1160 950 rursusque

161 952 227 1013 inde
252 971 379 1032 propere
403 952 502 1030 rediit,
530 952 619 1014 herba
644 953 808 1034 capilloque
836 955 994 1032 promisso;
1021 971 1077 1013 nec
1101 971 1159 1013 um-

161 1055 244 1118 quam
262 1047 364 1116 postea
379 1039 613 1117 quantiscumque
629 1038 665 1098 de
679 1038 786 1116 rebus,
817 1057 854 1098 ne
870 1055 924 1118 pro
941 1039 1077 1098 contione
1100 1039 1159 1117 qui·

161 1122 225 1183 dem
241 1122 340 1202 populi
355 1130 402 1182 eut
418 1122 493 1200 apud
507 1122 628 1200 milites,
654 1122 708 1181 nisi
726 1141 780 1201 per
795 1141 898 1183 numen
915 1122 1060 1182 Drusillae
1080 1121 1157 1182 deie-
1169 1133 1189 1173 tt

161 1207 243 1267 ravit.
286 1205 426 1287 Reliquas
447 1224 565 1267 sorores
582 1224 637 1266 nec
653 1206 807 1287 cupiditate
827 1216 903 1268 tanta
921 1225 975 1267 nec
992 1206 1159 1284 dignatione

161 1291 277 1368 dilexit,
310 1300 340 1350 nt
360 1308 430 1369 quas
451 1309 541 1368 saepe
558 1291 683 1351 exoletis
705 1292 763 1351 suis
778 1293 982 1370 prostraverit;
1010 1309 1067 1371 quo
1088 1292 1158 1352 faci·

159 1377 214 1437 lius
233 1393 283 1436 eas
301 1376 329 1435 in
346 1393 433 1436 causa
449 1373 555 1435 Aemili
573 1373 673 1454 Lepidi
696 1375 897 1437 condemnavit
911 1377 991 1456 quasi
1013 1375 1157 1436 adulteras

160 1470 189 1521 et
204 1459 368 1520 insidiarum
380 1459 518 1519 adversus
530 1478 562 1519 se
578 1461 711 1520 conscias
723 1463 759 1520 ei.
777 1459 841 1521 Nec
854 1461 946 1521 solum
962 1459 1157 1539 chirographa

160 1545 297 1618 omnium,
339 1544 479 1623 requisita
504 1542 604 1603 frande
630 1562 664 1604 ac
692 1553 809 1623 stupro,
841 1545 1014 1622 dimulgavit,
1049 1543 1101 1605 sed
1128 1552 1183 1603 etu

159 1637 220 1687 tres
235 1625 349 1703 gladios
361 1627 390 1684 in
405 1644 508 1686 necem
522 1646 601 1688 suam
617 1637 806 1707 praeparatos
820 1630 904 1690 Marti
918 1629 1029 1707 Ultori,
1058 1628 1152 1690 addito

160 1711 274 1788 elogio,
304 1711 496 1771 consecravit.

116 1803 150 1857 25
220 1795 398 1855 Matrimonia
423 1796 601 1856 contraxerit
620 1798 730 1875 turpius
755 1815 789 1856 an
806 1795 943 1859 dimiserit
962 1817 998 1859 an
1018 1799 1152 1872 tenuerit,

159 1896 216 1939 non
233 1878 378 1940 estlacile
399 1878 577 1939 discernere.
619 1881 726 1941 Liviam
749 1879 914 1942 Orestillam
930 1880 962 1943 G.
983 1882 1080 1943 Pisoni
1105 1901 1152 1941 nu·
1212 1858 1213 1931 l

159 1963 289 2042 bentcm,
321 1983 385 2026 cnm
410 1964 446 2026 ad
471 1964 597 2025 officium
626 1974 655 2024 et
682 1965 746 2045 ipse
770 1968 913 2044 venisset,
944 1967 1033 2027 adse
1055 1965 1185 2027 deductu

158 2050 326 2127 imperavit,
357 2052 488 2130 intraque
519 2047 628 2130 paucos
658 2049 719 2109 dies
749 2050 926 2128 repudiatam
955 2050 1068 2111 biennio
1090 2058 1157 2130 post

158 2135 318 2212 relegavit,
353 2134 430 2214 quod
445 2136 590 2214 repetisse
613 2152 693 2193 usum
714 2135 819 2213 prioris
836 2136 928 2195 mariti
946 2143 1077 2213 tempore
1098 2151 1156 2194 me·

161 2217 207 2278 dio
224 2216 383 2279 videbatur.
418 2218 478 2279 Alii
493 2218 616 2295 tradunt,
640 2217 794 2278 adhibitum
810 2237 919 2279 caenae
933 2218 1061 2299 nuptiali,
1081 2237 1157 2280 man·

160 2301 244 2362 dasse
259 2301 295 2362 ad
306 2303 441 2364 Pisonem
457 2311 558 2363 contra
575 2302 806 2364 accumbentem:
829 2300 904 2365 Nou·
917 2321 1046 2364 enorme
1060 2321 1158 2366 meum
1211 2294 1212 2317 ¹

158 2387 316 2462 premere!
341 2389 493 2466 statimqne
511 2405 528 2447 e
545 2387 678 2447 convivio
695 2387 849 2448 abduxisse
863 2406 962 2449 secum
977 2406 1012 2448 ac
1025 2391 1188 2467 proximou

159 2467 205 2527 die
223 2469 364 2548 edixisse,
392 2470 620 2532 matrimonium
633 2469 696 2532 citt
706 2480 861 2551 repertum
881 2472 1021 2552 exemplo
1037 2472 1161 2532 Romuli

159 2547 341 2632 etduposte'.
375 2555 495 2616 Lolliam
511 2555 673 2634 Paulinam,
704 2555 736 2617 (i.
752 2557 884 2619 Memmio
908 2557 1052 2619 consulari
1073 2573 1157 2616 exer·
1210 2605 1211 2638 3

159 2638 232 2697 citus
247 2639 361 2714 regenti
381 2649 511 2719 nuptam,
539 2641 617 2701 faeta
630 2644 775 2702 mentione
793 2643 874 2702 ariae
891 2644 951 2702 eius
967 2651 997 2703 ut
1016 2639 1157 2722 quondam
1210 2639 1211 2642 ’

157 2721 386 2802 pulcherrimae,
416 2724 510 2784 subito
534 2743 572 2786 ex
595 2727 746 2803 provincia
768 2728 903 2786 evocavit
930 2745 964 2788 ac
991 2726 1157 2806 perductam

157 2808 295 2867 amarito
321 2809 468 2869 coniunxit
491 2808 561 2888 sibi,
594 2808 735 2890 brevique
755 2813 870 2872 missam
890 2812 976 2888 lecit,
1003 2810 1189 2871 interdictoau

158 2892 323 2971 cuiusquam
337 2893 365 2951 in
380 2903 551 2974 perpetuum
575 2895 662 2955 coitu.
708 2893 878 2956 Caesoniam
899 2913 993 2974 neque
1018 2895 1093 2954 iacie
1116 2895 1156 2952 in·

158 2975 233 3053 signi
250 2993 344 3055 neque
361 2987 455 3039 aetate
469 2980 583 3057 integra
604 2988 781 3060 matremque
796 2982 851 3040 iam
871 2997 908 3040 ex
922 2979 980 3039 alio
995 2979 1058 3038 viro
1073 2978 1158 3037 trium

156 3059 294 3138 siliarum,
324 3062 375 3122 sed
388 3063 517 3124 luxuriae
538 3082 573 3124 ac
588 3062 725 3124 lasciviae
748 3064 893 3143 perditae,
916 3072 946 3123 et
967 3062 1113 3123 ardentius
1128 3071 1158 3120 et
1209 3071 1210 3076 ’

157 3145 333 3204 constantius
354 3150 470 3225 amavit,
492 3155 523 3208 ut
543 3166 633 3227 saepe
657 3149 778 3208 clamide
796 3148 932 3229 peltaque
954 3157 984 3208 et
1003 3147 1089 3225 galea
1110 3162 1156 3205 or·

154 3235 250 3286 natam
280 3246 315 3287 ae
344 3232 420 3292 iuxta
449 3231 660 3311 adequitantem
687 3233 822 3293 militibus
850 3232 1026 3309 ostenderit,
1057 3231 1188 3291 amiciens

156 3326 228 3367 vero
258 3311 343 3370 etiam
371 3315 487 3384 nudam:
518 3319 620 3375 uxorio
648 3319 763 3377 nomine
787 3318 806 3353 *
834 3314 967 3393 dignatus
997 3325 1042 3374 est
1072 3331 1156 3394 qnam

157 3391 285 3467 enixam,
314 3412 370 3455 uno
392 3407 477 3477 atque
493 3399 595 3459 eodem
612 3400 658 3459 die
680 3402 831 3479 professus
848 3410 878 3460 et
893 3402 1022 3460 maritum
1043 3417 1076 3459 se
1093 3397 1155 3458 eius

157 3481 187 3532 et
211 3483 323 3552 patrem
356 3479 469 3540 infantis
496 3499 534 3541 ex
560 3501 595 3542 ea
618 3492 711 3543 natae.
754 3482 895 3544 infantem
917 3491 1029 3560 autem,
1054 3482 1154 3545 luliam
