2450 3910
127 241 187 304 232
209 253 238 302 o.
257 251 407 301 suunour
417 251 546 312 numo.
562 251 609 300 nn
624 252 707 300 vura
723 251 907 302 cansarum
918 253 987 302 nun.
1000 253 1077 302 vru.

88 424 123 478 14
191 409 370 470 Offensarum
387 408 650 488 inimicitiarumque
666 409 779 469 minime
799 426 910 469 memor
928 419 1126 491 executorue,

125 492 1127 572 Vitelliihostissnililiamspendidissimemaritavitdotavitqueetiam

125 589 153 640 et
164 577 306 638 instruxit.
333 575 488 655 Trepidum
502 595 565 636 eum
580 577 733 639 interdicta
748 578 813 638 aula
829 577 881 638 sub
895 576 1014 638 Nerone
1030 597 1124 658 qnae·
1205 629 1206 648 2

125 671 302 740 nantemque,
322 660 453 740 quidnam
468 669 571 738 ageret
586 670 633 722 aut
648 680 704 741 quo
720 661 823 739 abiret,
840 661 954 740 qnidam
966 681 1004 722 ex
1016 665 1123 724 officio

126 746 306 809 admissionis
324 745 405 805 simul
421 745 585 826 expellens,
603 745 691 807 obire
705 745 903 808 Morbouiam
920 747 1054 807 iusserat.
1084 747 1153 810 Ins

125 833 200 892 hunc
213 837 314 909 postea
330 829 535 910 deprecantem
552 829 627 890 haud
639 831 713 891 ultra
727 830 818 892 verba
833 831 996 909 excanduit,
1010 840 1041 892 et
1057 833 1123 912 qui·

126 916 190 978 dem
201 914 318 976 totidem
332 915 396 975 fere
410 923 498 994 atque
514 913 624 974 eadem.
651 913 723 976 Nam
738 923 768 974 nt
781 916 947 994 suspicione
961 915 1057 995 aliqua
1069 916 1124 976 vel

62 1061 63 1066 ,
125 1009 202 1062 metu
216 1000 252 1062 ad
268 1001 427 1080 perniciem
444 1001 611 1077 cuiusquam
624 999 849 1078 compelleretur
860 1009 966 1060 tanturn
981 1001 1062 1077 aluit,
1078 1009 1121 1078 ut,

125 1085 306 1147 monentibus
336 1084 436 1145 amicis
463 1082 620 1144 cavendum
644 1102 711 1144 esse
735 1084 864 1146 Mettium
885 1083 1122 1162 Pompusianum,

128 1169 205 1250 qnod
218 1169 307 1247 volgo
324 1168 492 1230 crederetur
508 1169 639 1244 genesim
654 1168 763 1228 habere
787 1169 1017 1248 imperatoriam,
1041 1170 1120 1228 insu·
1133 1190 1158 1230 ro

128 1273 181 1334 per
198 1255 346 1315 consulem
363 1253 477 1330 iecerit,
497 1253 643 1333 spondens
659 1253 831 1333 quandoque
854 1253 990 1314 beneficii
1010 1271 1121 1314 memo·

126 1359 186 1401 rem
204 1338 336 1400 futurum.

81 1433 115 1489 15
184 1421 250 1484 Non
265 1421 379 1484 temere
391 1423 454 1502 quis
471 1423 585 1501 punitus
600 1423 700 1482 insons
714 1423 895 1503 reperietur,
920 1423 973 1482 nisi
996 1423 1120 1484 absente

127 1527 162 1570 eo
179 1517 209 1569 et
223 1511 325 1586 ignaro
338 1517 385 1568 aut
398 1515 477 1566 certe
489 1507 578 1566 invito
594 1516 679 1585 atquc
691 1506 826 1585 decepto.
852 1507 987 1568 Helvidio
1001 1506 1118 1585 Prisco,

127 1597 174 1673 qui
191 1602 220 1653 et
232 1611 382 1652 reversum
397 1609 430 1651 se
446 1609 483 1651 ex
498 1590 581 1665 Syria
596 1591 676 1650 solus
699 1592 811 1670 privato
832 1592 945 1652 nomine
960 1593 1117 1671 Vespasia·
1130 1612 1155 1654 u

125 1661 381 1772 numlsalutaverat
395 1683 425 1734 et
439 1676 468 1733 in
488 1684 623 1754 praetura
644 1675 775 1735 omnibus
798 1675 901 1736 edictis
924 1676 986 1736 sine
1005 1676 1119 1737 honore

127 1780 162 1823 ac
175 1761 319 1820 mentione
335 1759 394 1820 nlla
409 1758 617 1835 transmiserat,
635 1776 693 1818 non
708 1769 774 1820 ante
791 1761 960 1821 succensuit
977 1778 1060 1840 quam
1077 1759 1117 1822 al·

127 1842 334 1906 tercationibus
359 1842 591 1902 insolentissimis
622 1861 714 1922 paene
748 1844 777 1903 in
808 1844 938 1906 ordinem
971 1844 1119 1906 redactus.
1205 1911 1206 1922 ,

126 1930 209 1991 llunc
225 1945 355 2008 quoque,
374 1927 502 2007 quamvis
516 1927 678 2004 relegatum
693 1929 800 2006 primo,
821 1928 925 1988 deinde
945 1937 975 1989 et
994 1929 1118 1988 interfici

127 2017 243 2090 iussum,
260 2014 357 2090 magni
373 2011 533 2073 aestimavit
549 2029 667 2072 servare
684 2029 801 2091 quoquo
826 2012 929 2090 modo,
951 2013 1045 2074 missis
1068 2012 1153 2090 quiea

128 2114 318 2180 percussores
332 2105 520 2164 revocarent;
543 2104 571 2155 et
584 2106 747 2175 servasset,
770 2098 824 2157 nisi
840 2098 895 2158 iam
912 2099 1025 2177 perisse
1040 2096 1116 2158 falso

126 2183 314 2244 renuntiatum
338 2190 427 2242 esset.
470 2178 605 2240 Ceterum
629 2199 723 2258 neque
752 2181 842 2242 caede
867 2183 1033 2261 cuiusquam
1058 2199 1117 2242 unr-

128 2285 212 2348 quam
226 2267 243 2304 *
258 2267 339 2327 instis
354 2263 504 2345 suppliciis
520 2264 710 2326 inlacrimauit
725 2266 810 2326 etiam
826 2274 855 2325 et
870 2267 1018 2344 ingemuit.

85 2360 120 2412 16
188 2351 257 2412 Sola
281 2359 338 2426 est,
361 2353 389 2409 in
407 2367 462 2428 qua
492 2350 595 2410 merito
622 2348 769 2428 culpetur,
797 2353 937 2430 pecuniae
964 2349 1115 2429 cupiditas.

126 2433 193 2496 Non
206 2434 281 2495 enim
300 2443 451 2495 contentus
467 2435 572 2493 omissa
588 2433 640 2493 sub
656 2433 746 2494 Galba
769 2434 926 2512 vectigalia
946 2448 1115 2512 revocasse,
1125 2455 1153 2495 as

127 2537 202 2579 nova
217 2527 246 2578 et
260 2519 359 2595 gravia
375 2517 535 2593 addidisse,
552 2518 667 2578 auxisse
684 2516 790 2578 tributa
808 2520 981 2598 provinciis,
997 2517 1116 2578 nonnul-

129 2604 164 2663 lis
180 2610 209 2661 et
222 2601 398 2681 duplicasse,
414 2601 628 2678 negotiationes
644 2619 760 2680 quoqne
775 2603 822 2663 vel
839 2605 952 2683 privato
968 2601 1116 2682 pudendas

128 2684 277 2768 propalam
290 2686 430 2762 exercuit,
443 2685 603 2746 coemendo
616 2686 880 2764 quaedam,tantnm
891 2697 920 2748 nt
931 2687 1023 2768 pluris
1036 2695 1116 2765 post-

129 2790 163 2833 ea
185 2769 367 2833 distraheret.
406 2767 451 2828 Ne
468 2769 759 2848 candidatisquidem
781 2770 926 2848 honores,
947 2772 1045 2832 reisue
1058 2779 1116 2830 tam

127 2855 252 2940 innoxiis
274 2872 357 2933 quam
379 2852 550 2914 nocentibus
573 2854 773 2916 absolutiones
792 2855 942 2916 venditare
965 2864 1151 2920 cunctatusao

129 2950 182 3002 est.
213 2931 346 3001 Cr‘editnr
361 2941 446 3000 etiam
461 2920 680 3020 procuratobum
692 2941 909 3020 rapacissimum
924 2957 1066 3019 quemque
1078 2940 1116 3000 ad

129 3023 269 3105 ampliora
285 3023 381 3085 olbcia
397 3042 434 3084 ex
453 3021 591 3084 industria
612 3023 716 3084 solitus
743 3041 934 3102 promovere,
956 3041 1012 3103 quo
1035 3024 1114 3084 locu·

129 3110 270 3188 pletiorcs
284 3125 353 3169 mox
370 3107 589 3178 condemnaret;
607 3106 710 3186 quibus
727 3107 841 3187 quidem
855 3109 946 3186 volgo
964 3125 1018 3187 pro
1027 3125 1114 3187 spon·

129 3195 192 3270 geio
208 3192 356 3254 dicebatur
370 3193 426 3270 uti,
448 3191 525 3271 quod
538 3193 620 3272 qnasi
636 3201 665 3251 et
679 3194 776 3252 siccos
797 3193 993 3253 madefaceret
1014 3200 1043 3250 et
1064 3209 1113 3252 ex·

130 3277 266 3355 primeret
281 3279 412 3338 umentis.
1122 3289 1149 3332 ³⁸

192 3359 312 3433 Quidam
326 3369 426 3420 natura
444 3359 655 3440 cupidissimum
670 3359 793 3436 tradunt,
811 3359 897 3439 idque
911 3359 1114 3440 exprobratum

130 3443 157 3501 ei
173 3459 189 3501 a
205 3459 275 3500 sene
291 3441 427 3521 bubulco,
444 3446 506 3522 qui,
524 3452 629 3520 negata
645 3443 701 3503 sibi
714 3444 838 3521 gratuita
855 3442 1006 3522 libertate,
1032 3460 1113 3522 quam

127 3525 276 3604 imperium
291 3523 424 3604 adeptum
439 3527 609 3606 suppliciter
622 3525 731 3605 orabat,
749 3526 984 3608 proclamaverit,
995 3527 1114 3607 culpam
