2392 3926
173 200 449 249 nnrnnnrnonon
470 201 652 250 annnorum
673 201 872 262 nnnromnm
959 190 1020 254 319

84 356 242 432 Simulare,
257 355 448 434 dissimulare]
461 355 626 416 simulamus
633 374 707 436 qnae
721 358 876 434 nescimus,
890 356 1020 420 dissimu-

13 443 116 504 lamus
131 457 205 520 qnae
220 441 336 500 scimus.

86 526 239 586 Servitium
255 533 283 584 et
295 524 474 603 servitutem}
486 525 612 584 servitus
624 533 669 585 est
684 527 846 587 necessitas
862 528 1019 607 serviendi,

13 610 172 672 servitium
189 609 374 669 servientium
390 626 535 668 numerus.
581 685 582 688 Ἴ

86 694 208 754 Sensum
223 701 251 752 et
264 692 453 772 intellectum]
467 710 569 752 sensus
584 692 722 753 naturalis
737 703 797 770 est,
809 695 975 757 intellectus
991 699 1020 758 in

11 777 112 840 reboo
128 776 270 838 obscuris.

84 862 259 940 Sanguinem
282 877 415 920 cruorem
432 870 461 920 et
476 862 582 922 saniem
608 860 666 922 lroc
687 860 793 940 differt]
816 865 935 940 sangnis
950 865 1020 926 dici·

12 957 67 1008 tur
88 964 151 1006 cnm
167 947 241 1006 intra
259 961 367 1024 corpus
382 953 446 1022 est,
476 963 512 1005 eo
527 946 604 1025 quod
619 962 674 1005 nos
692 947 819 1023 sanciat,
841 945 870 1006 id
891 957 936 1007 est
950 966 1019 1009 oon·

12 1034 126 1100 tineat;
145 1047 231 1089 cruor
255 1046 319 1089 cnm
338 1028 478 1106 funditur,
496 1029 588 1090 dictus
603 1029 639 1090 ab
657 1048 694 1090 eo
712 1029 790 1110 quod
806 1047 861 1090 nos
882 1048 1020 1094 corruere

12 1122 126 1192 cogam
142 1113 240 1174 sanies
254 1129 340 1173 cruor
355 1112 495 1192 putridus.

87 1196 191 1257 Scelus
216 1205 246 1257 et
266 1197 392 1274 lacinus]
413 1197 511 1257 scelus
533 1198 642 1258 crimen
662 1206 723 1274 est,
749 1198 860 1258 lacinus
883 1202 968 1260 etiam
990 1201 1019 1261 in

12 1280 108 1345 laude
124 1282 248 1360 ponitur.

85 1364 186 1425 Solum
204 1367 317 1426 unicum
338 1365 496 1426 solitarium
524 1375 552 1426 ct
573 1367 670 1446 unum]
693 1367 774 1429 solns
798 1387 814 1430 a
838 1370 943 1430 ceteris
972 1387 1018 1430 re·

12 1454 122 1526 lictus,
145 1467 217 1509 unns
232 1449 339 1510 initium
355 1450 516 1528 multorum,
539 1449 686 1512 solitarius
700 1453 763 1513 sine
783 1454 900 1531 ceteris,
918 1454 1018 1514 unicus

14 1536 69 1614 qni
85 1540 209 1614 propter
224 1534 349 1613 inopiam
362 1534 484 1595 aliorum
498 1534 527 1594 id
541 1535 635 1614 ipsum
650 1545 694 1596 est
711 1537 787 1616 quod
803 1538 894 1599 solos.

86 1617 297 1678 Soloecismum
320 1628 349 1679 et
362 1617 582 1699 barbarismum}
606 1621 800 1682 soloecismus
817 1624 845 1682 in
867 1641 954 1684 sensu
975 1623 1017 1700 tit,

12 1701 214 1764 barbarismus
229 1704 257 1761 in
274 1720 359 1764 voce.

88 1786 183 1864 Super
204 1796 233 1846 et
258 1788 357 1867 supra]
378 1805 464 1865 snper
493 1789 628 1868 superior
655 1789 808 1869 inferiore,
831 1810 919 1872 snpra
940 1789 1017 1871 qued

14 1870 195 1950 substratum
212 1871 318 1950 aliquid
333 1870 421 1931 babet
435 1880 481 1930 aut
496 1872 573 1950 quod
590 1891 676 1952 supra
692 1875 760 1954 quid
774 1877 909 1935 imminet.

4 1985 6 2010 t
86 1955 176 2015 Simul
192 1964 221 2014 et
242 1954 348 2033 simitu]
372 1954 453 2015 simul
473 1973 528 2016 una
550 1958 715 2037 pariterque
738 1978 787 2019 res
809 1959 955 2036 declarat,
988 1968 1017 2019 nt

15 2038 104 2098 simul
120 2039 243 2116 legimus
256 2039 304 2099 vel
322 2039 488 2108 scribimus;
509 2042 602 2100 simitu
622 2041 681 2102 loci
703 2045 807 2123 recipit
829 2043 1016 2122 significatio·

15 2141 96 2198 nem,
109 2131 251 2202 tamquam
266 2123 348 2183 simul
364 2125 413 2184 itu.

81 2207 206 2268 Saevum
222 2217 251 2268 et
272 2207 436 2288 crudelem]
457 2226 562 2269 saevus
575 2209 653 2270 circa
670 2210 794 2272 verbera
810 2220 871 2288 est,
891 2209 1016 2270 crudelis

15 2299 193 2352 monstratur
209 2294 358 2370 sangnine.

5 2403 7 2420 ·
83 2375 134 2434 Sic
149 2385 177 2434 et
197 2377 247 2456 ita}
268 2379 310 2437 sic
325 2379 372 2456 qui
385 2377 453 2438 diclt
468 2377 594 2438 ostendit
615 2378 794 2458 exemplum,
814 2381 852 2441 ita
872 2377 907 2438 ad
927 2380 1014 2438 ratio·

15 2477 83 2518 nem
98 2460 232 2520 refertur.

83 2543 195 2602 Stillam
211 2553 240 2604 et
257 2547 377 2623 guttam]
391 2555 471 2622 gutta
487 2547 617 2607 imbrium
635 2557 689 2624 est,
707 2549 784 2609 stilla
800 2549 858 2609 olei
868 2546 917 2608 vel
928 2547 1014 2606 aceti.

78 2627 243 2688 Terminum
258 2638 287 2688 et
303 2630 399 2709 finem]
416 2634 552 2690 terminus
566 2633 681 2692 nonnisi
700 2650 783 2692 manu
800 2634 934 2713 ponitur,
950 2631 1014 2690 finis

17 2713 161 2771 sermonis
175 2711 222 2771 vel
238 2712 392 2791 voluptatis
407 2723 455 2774 ant
471 2715 589 2776 alicuius
602 2718 644 2776 rei
661 2717 793 2793 intellegi
808 2724 914 2796 potest.

80 2793 177 2873 Terga
206 2805 235 2856 et
253 2798 383 2877 tergora]
407 2808 491 2876 terga
512 2799 669 2877 hominum,
692 2808 812 2877 tergora
837 2796 1012 2867 animalium

18 2885 46 2934 et
64 2881 91 3020 pn
107 2898 227 2942 numero
244 2882 381 2958 singulari
396 2891 509 2960 tergum
525 2883 646 2944 hominis
662 2884 782 2944 dicimus
798 2893 826 2943 et
839 2892 940 2960 tergus
954 2882 1011 2942 ani·

18 2977 62 3020 ma
76 2981 109 3023 rs.

6 3085 9 3095 -
81 3046 152 3108 Tum
169 3058 197 3108 et
207 3049 285 3128 tunc}
299 3057 355 3108 tum
373 3050 481 3110 ordinis
495 3051 588 3112 babet
599 3053 850 3130 significationem,
863 3060 931 3111 tnnc
943 3059 1012 3111 tem·

20 3145 109 3203 ports.

5 3231 10 3268 t
81 3213 194 3276 Tenere
210 3226 239 3276 et
256 3236 370 3278 sumere
383 3226 411 3277 et
427 3220 575 3299 accipere]
594 3228 724 3280 tenemus
744 3238 818 3298 quae
836 3228 901 3279 sunt
917 3219 946 3279 in
961 3235 1011 3278 no·

6 3303 78 3357 nstra
96 3309 256 3379 potestate,
278 3304 412 3362 sumimus
429 3305 542 3381 posita,
565 3306 723 3382 accipimus
741 3304 806 3365 data
829 3303 878 3363 vel
898 3302 934 3364 ab
953 3303 1012 3364 alio

20 3385 363 3461 accommodaremus
380 3396 408 3446 et
423 3389 558 3448 sumimus
574 3407 591 3448 a
605 3387 699 3464 nobis,
718 3389 875 3468 accipimus
891 3387 927 3449 ab
944 3387 1011 3449 alio.

80 3465 202 3529 Tardum
228 3473 341 3549 pigrum
369 3474 489 3532 inertem
513 3483 542 3532 et
567 3474 698 3553 segnem]
720 3474 819 3534 tardus
840 3473 942 3535 dicitnr
964 3472 1013 3552 qui
