<?xml version="1.0" encoding="UTF-8"?>
<!DOCTYPE html PUBLIC "-//W3C//DTD XHTML 1.0 Transitional//EN"
    "http://www.w3.org/TR/xhtml1/DTD/xhtml1-transitional.dtd">
<html xmlns="http://www.w3.org/1999/xhtml" xml:lang="en" lang="en">
 <head>
  <title>
</title>
<meta http-equiv="Content-Type" content="text/html;charset=utf-8" />
  <meta name='ocr-system' content='tesseract 3.04.00' />
  <meta name='ocr-capabilities' content='ocr_page ocr_carea ocr_par ocr_line ocrx_word'/>
</head>
<body>
  <div class='ocr_page' id='page_1' title='image "./csuetonitranqui00suetgoog_0143.png"; bbox 0 0 2468 3912; ppageno 0'>
   <div class='ocr_carea' id='block_1_1' title="bbox 125 161 1038 228">
    <p class='ocr_par' dir='ltr' id='par_1_1' title="bbox 125 161 1038 228">
     <span class='ocr_line' id='line_1_1' title="bbox 125 161 1038 228; baseline -0.007 -9"><span class='ocrx_word' id='word_1_1' title='bbox 125 161 165 220; x_wconf 82' lang='lat'><strong>32</strong></span> <span class='ocrx_word' id='word_1_2' title='bbox 210 173 239 221; x_wconf 91' lang='lat' dir='ltr'><strong>c.</strong></span> <span class='ocrx_word' id='word_1_3' title='bbox 255 169 403 219; x_wconf 83' lang='lat' dir='ltr'><strong>suurour</strong></span> <span class='ocrx_word' id='word_1_4' title='bbox 421 169 548 228; x_wconf 75' lang='lat' dir='ltr'><strong>annuo.</strong></span> <span class='ocrx_word' id='word_1_5' title='bbox 565 165 612 215; x_wconf 82' lang='lat' dir='ltr'><strong>on</strong></span> <span class='ocrx_word' id='word_1_6' title='bbox 627 169 709 216; x_wconf 70' lang='lat' dir='ltr'><strong>vrrs</strong></span> <span class='ocrx_word' id='word_1_7' title='bbox 732 167 915 216; x_wconf 73' lang='lat' dir='ltr'><strong>cassanum</strong></span> <span class='ocrx_word' id='word_1_8' title='bbox 930 168 999 214; x_wconf 81' lang='lat' dir='ltr'><strong>ura.</strong></span> <span class='ocrx_word' id='word_1_9' title='bbox 1015 169 1038 214; x_wconf 92' lang='lat'><strong>1.</strong></span> 
     </span>
    </p>
   </div>
   <div class='ocr_carea' id='block_1_2' title="bbox 83 323 1215 3524">
    <p class='ocr_par' dir='ltr' id='par_1_2' title="bbox 83 323 1215 3524">
     <span class='ocr_line' id='line_1_2' title="bbox 125 323 1132 406; baseline -0.004 -18"><span class='ocrx_word' id='word_1_10' title='bbox 125 337 210 406; x_wconf 91' lang='lat' dir='ltr'><strong>geret</strong></span> <span class='ocrx_word' id='word_1_11' title='bbox 234 327 325 386; x_wconf 89' lang='lat' dir='ltr'><strong>minus</strong></span> <span class='ocrx_word' id='word_1_12' title='bbox 346 324 476 384; x_wconf 80' lang='lat' dir='ltr'><strong>familiari</strong></span> <span class='ocrx_word' id='word_1_13' title='bbox 499 324 578 383; x_wconf 84' lang='lat' dir='ltr'><strong>vultu</strong></span> <span class='ocrx_word' id='word_1_14' title='bbox 600 325 778 402; x_wconf 79' lang='lat' dir='ltr'><strong>respexisse.</strong></span> <span class='ocrx_word' id='word_1_15' title='bbox 819 323 909 403; x_wconf 90' lang='lat' dir='ltr'><strong>ldque</strong></span> <span class='ocrx_word' id='word_1_16' title='bbox 931 324 1039 383; x_wconf 88' lang='lat' dir='ltr'><strong>factum</strong></span> <span class='ocrx_word' id='word_1_17' title='bbox 1061 325 1132 384; x_wconf 89' lang='lat' dir='ltr'><strong>eius</strong></span> 
     </span>
     <span class='ocr_line' id='line_1_3' title="bbox 126 406 1129 488; baseline -0.004 -16"><span class='ocrx_word' id='word_1_18' title='bbox 126 422 204 472; x_wconf 90' lang='lat' dir='ltr'><strong>tauto</strong></span> <span class='ocrx_word' id='word_1_19' title='bbox 219 408 428 470; x_wconf 82' lang='lat' dir='ltr'><strong>intolerabilius</strong></span> <span class='ocrx_word' id='word_1_20' title='bbox 448 416 492 467; x_wconf 94' lang='lat' dir='ltr'><strong>est</strong></span> <span class='ocrx_word' id='word_1_21' title='bbox 504 410 611 485; x_wconf 85' lang='lat' dir='ltr'><strong>visum,</strong></span> <span class='ocrx_word' id='word_1_22' title='bbox 634 407 711 488; x_wconf 90' lang='lat' dir='ltr'><strong>quod</strong></span> <span class='ocrx_word' id='word_1_23' title='bbox 732 411 796 487; x_wconf 90' lang='lat' dir='ltr'><strong>ipse</strong></span> <span class='ocrx_word' id='word_1_24' title='bbox 812 406 995 486; x_wconf 84' lang='lat' dir='ltr'><strong>triumphanti</strong></span> <span class='ocrx_word' id='word_1_25' title='bbox 1013 417 1042 468; x_wconf 89' lang='lat' dir='ltr'><strong>et</strong></span> <span class='ocrx_word' id='word_1_26' title='bbox 1058 409 1129 468; x_wconf 89' lang='lat' dir='ltr'><strong>sub-</strong></span> 
     </span>
     <span class='ocr_line' id='line_1_4' title="bbox 125 491 1129 570; baseline -0.002 -15"><span class='ocrx_word' id='word_1_27' title='bbox 125 496 208 555; x_wconf 89' lang='lat' dir='ltr'><strong>sellia</strong></span> <span class='ocrx_word' id='word_1_28' title='bbox 226 493 377 554; x_wconf 89' lang='lat' dir='ltr'><strong>tribunicia</strong></span> <span class='ocrx_word' id='word_1_29' title='bbox 394 493 626 570; x_wconf 84' lang='lat' dir='ltr'><strong>praeteruehenti</strong></span> <span class='ocrx_word' id='word_1_30' title='bbox 645 491 699 552; x_wconf 89' lang='lat' dir='ltr'><strong>sibi</strong></span> <span class='ocrx_word' id='word_1_31' title='bbox 715 511 800 552; x_wconf 88' lang='lat' dir='ltr'><strong>unum</strong></span> <span class='ocrx_word' id='word_1_32' title='bbox 816 511 832 552; x_wconf 91' lang='lat' dir='ltr'><strong>e</strong></span> <span class='ocrx_word' id='word_1_33' title='bbox 848 492 977 569; x_wconf 86' lang='lat' dir='ltr'><strong>collegio</strong></span> <span class='ocrx_word' id='word_1_34' title='bbox 992 493 1129 554; x_wconf 90' lang='lat' dir='ltr'><strong>Pontium</strong></span> 
     </span>
     <span class='ocr_line' id='line_1_5' title="bbox 125 577 1128 658; baseline -0.002 -18"><span class='ocrx_word' id='word_1_35' title='bbox 125 579 258 658; x_wconf 77' lang='lat' dir='ltr'><strong>Aquilam</strong></span> <span class='ocrx_word' id='word_1_36' title='bbox 277 595 334 638; x_wconf 91' lang='lat' dir='ltr'><strong>non</strong></span> <span class='ocrx_word' id='word_1_37' title='bbox 354 577 549 636; x_wconf 83' lang='lat' dir='ltr'><strong>assurrexisse</strong></span> <span class='ocrx_word' id='word_1_38' title='bbox 572 577 646 637; x_wconf 91' lang='lat' dir='ltr'><strong>adeo</strong></span> <span class='ocrx_word' id='word_1_39' title='bbox 663 577 826 655; x_wconf 88' lang='lat' dir='ltr'><strong>indignatus</strong></span> <span class='ocrx_word' id='word_1_40' title='bbox 843 579 895 654; x_wconf 87' lang='lat' dir='ltr'><strong>sit,</strong></span> <span class='ocrx_word' id='word_1_41' title='bbox 915 586 944 635; x_wconf 89' lang='lat' dir='ltr'><strong>ut</strong></span> <span class='ocrx_word' id='word_1_42' title='bbox 961 577 1128 656; x_wconf 88' lang='lat' dir='ltr'><strong>proclama-</strong></span> 
     </span>
     <span class='ocr_line' id='line_1_6' title="bbox 125 659 1156 741; baseline 0.004 -19"><span class='ocrx_word' id='word_1_43' title='bbox 125 666 213 724; x_wconf 88' lang='lat' dir='ltr'><strong>verit:</strong></span> <span class='ocrx_word' id='word_1_44' title='bbox 239 662 355 741; x_wconf 84' lang='lat' dir='ltr'><strong>Repete</strong></span> <span class='ocrx_word' id='word_1_45' title='bbox 377 679 449 741; x_wconf 79' lang='lat' dir='ltr'><strong>erpo</strong></span> <span class='ocrx_word' id='word_1_46' title='bbox 469 679 489 722; x_wconf 91' lang='lat' dir='ltr'><strong>o</strong></span> <span class='ocrx_word' id='word_1_47' title='bbox 508 659 683 741; x_wconf 71' lang='lat' dir='ltr'><strong>me&#39;Aquilo</strong></span> <span class='ocrx_word' id='word_1_48' title='bbox 704 681 769 722; x_wconf 87' lang='lat' dir='ltr'><strong>rem</strong></span> <span class='ocrx_word' id='word_1_49' title='bbox 788 661 946 741; x_wconf 84' lang='lat' dir='ltr'><strong>publicam</strong></span> <span class='ocrx_word' id='word_1_50' title='bbox 963 660 1129 723; x_wconf 81' lang='lat' dir='ltr'><strong>tribunus!</strong></span> <span class='ocrx_word' id='word_1_51' title='bbox 1141 688 1156 726; x_wconf 77' lang='lat' dir='ltr'><strong>s</strong></span> 
     </span>
     <span class='ocr_line' id='line_1_7' title="bbox 125 746 1129 827; baseline -0.003 -18"><span class='ocrx_word' id='word_1_52' title='bbox 125 757 154 809; x_wconf 91' lang='lat' dir='ltr'><strong>et</strong></span> <span class='ocrx_word' id='word_1_53' title='bbox 175 765 231 808; x_wconf 92' lang='lat' dir='ltr'><strong>nec</strong></span> <span class='ocrx_word' id='word_1_54' title='bbox 247 746 387 807; x_wconf 89' lang='lat' dir='ltr'><strong>destiterit</strong></span> <span class='ocrx_word' id='word_1_55' title='bbox 412 763 464 824; x_wconf 89' lang='lat' dir='ltr'><strong>per</strong></span> <span class='ocrx_word' id='word_1_56' title='bbox 484 747 635 807; x_wconf 90' lang='lat' dir='ltr'><strong>continuos</strong></span> <span class='ocrx_word' id='word_1_57' title='bbox 659 746 721 806; x_wconf 91' lang='lat' dir='ltr'><strong>dies</strong></span> <span class='ocrx_word' id='word_1_58' title='bbox 741 748 893 827; x_wconf 90' lang='lat' dir='ltr'><strong>quicquam</strong></span> <span class='ocrx_word' id='word_1_59' title='bbox 915 747 1047 825; x_wconf 87' lang='lat' dir='ltr'><strong>cuiquam</strong></span> <span class='ocrx_word' id='word_1_60' title='bbox 1069 747 1129 806; x_wconf 89' lang='lat' dir='ltr'><strong>nisi</strong></span> 
     </span>
     <span class='ocr_line' id='line_1_8' title="bbox 126 828 1128 911; baseline -0.002 -19"><span class='ocrx_word' id='word_1_61' title='bbox 126 831 178 892; x_wconf 89' lang='lat' dir='ltr'><strong>sub</strong></span> <span class='ocrx_word' id='word_1_62' title='bbox 201 833 375 911; x_wconf 78' lang='lat' dir='ltr'><strong>exceptione</strong></span> <span class='ocrx_word' id='word_1_63' title='bbox 399 830 549 910; x_wconf 86' lang='lat' dir='ltr'><strong>polliceri,</strong></span> <span class='ocrx_word' id='word_1_64' title='bbox 573 831 602 890; x_wconf 80' lang='lat' dir='ltr'><strong>si</strong></span> <span class='ocrx_word' id='word_1_65' title='bbox 622 837 722 892; x_wconf 85' lang='lat' dir='ltr'><strong>tumea</strong></span> <span class='ocrx_word' id='word_1_66' title='bbox 739 848 798 909; x_wconf 84' lang='lat' dir='ltr'><strong>per</strong></span> <span class='ocrx_word' id='word_1_67' title='bbox 818 831 959 892; x_wconf 80' lang='lat' dir='ltr'><strong>Pontium</strong></span> <span class='ocrx_word' id='word_1_68' title='bbox 978 828 1128 910; x_wconf 83' lang='lat' dir='ltr'><strong>Aquilam</strong></span> 
     </span>
     <span class='ocr_line' id='line_1_9' title="bbox 83 914 1128 995; baseline -0.003 -18"><span class='ocrx_word' id='word_1_69' title='bbox 83 935 117 991; x_wconf 77' lang='lat'><strong>79</strong></span> <span class='ocrx_word' id='word_1_70' title='bbox 128 916 257 978; x_wconf 81' lang='lat' dir='ltr'><strong>licuerit.</strong></span> <span class='ocrx_word' id='word_1_71' title='bbox 289 914 404 975; x_wconf 82' lang='lat' dir='ltr'><strong>Adiecit</strong></span> <span class='ocrx_word' id='word_1_72' title='bbox 418 914 453 974; x_wconf 93' lang='lat' dir='ltr'><strong>ad</strong></span> <span class='ocrx_word' id='word_1_73' title='bbox 468 925 525 975; x_wconf 93' lang='lat' dir='ltr'><strong>tam</strong></span> <span class='ocrx_word' id='word_1_74' title='bbox 540 916 682 992; x_wconf 85' lang='lat' dir='ltr'><strong>insignem</strong></span> <span class='ocrx_word' id='word_1_75' title='bbox 696 915 827 995; x_wconf 88' lang='lat' dir='ltr'><strong>despecti</strong></span> <span class='ocrx_word' id='word_1_76' title='bbox 843 923 961 975; x_wconf 92' lang='lat' dir='ltr'><strong>senatus</strong></span> <span class='ocrx_word' id='word_1_77' title='bbox 977 923 1128 975; x_wconf 88' lang='lat' dir='ltr'><strong>contume-</strong></span> 
     </span>
     <span class='ocr_line' id='line_1_10' title="bbox 127 999 1215 1077; baseline -0.002 -17"><span class='ocrx_word' id='word_1_78' title='bbox 127 1001 193 1061; x_wconf 87' lang='lat' dir='ltr'><strong>liam</strong></span> <span class='ocrx_word' id='word_1_79' title='bbox 214 1000 303 1061; x_wconf 92' lang='lat' dir='ltr'><strong>multo</strong></span> <span class='ocrx_word' id='word_1_80' title='bbox 322 1001 504 1077; x_wconf 76' lang='lat' dir='ltr'><strong>arrogantius</strong></span> <span class='ocrx_word' id='word_1_81' title='bbox 524 1000 640 1060; x_wconf 87' lang='lat' dir='ltr'><strong>iactum.</strong></span> <span class='ocrx_word' id='word_1_82' title='bbox 677 1000 749 1060; x_wconf 88' lang='lat' dir='ltr'><strong>Nam</strong></span> <span class='ocrx_word' id='word_1_83' title='bbox 771 1018 833 1060; x_wconf 88' lang='lat' dir='ltr'><strong>oum</strong></span> <span class='ocrx_word' id='word_1_84' title='bbox 847 1001 875 1058; x_wconf 92' lang='lat' dir='ltr'><strong>in</strong></span> <span class='ocrx_word' id='word_1_85' title='bbox 891 1000 1035 1060; x_wconf 84' lang='lat' dir='ltr'><strong>sacrificio</strong></span> <span class='ocrx_word' id='word_1_86' title='bbox 1049 999 1127 1060; x_wconf 83' lang='lat' dir='ltr'><strong>bati-</strong></span> <span class='ocrx_word' id='word_1_87' title='bbox 1214 1053 1215 1074; x_wconf 69' lang='lat'><strong>,</strong></span> 
     </span>
     <span class='ocr_line' id='line_1_11' title="bbox 125 1082 1167 1164; baseline 0.003 -19"><span class='ocrx_word' id='word_1_88' title='bbox 125 1104 223 1146; x_wconf 90' lang='lat' dir='ltr'><strong>narum</strong></span> <span class='ocrx_word' id='word_1_89' title='bbox 240 1093 404 1146; x_wconf 89' lang='lat' dir='ltr'><strong>revertente</strong></span> <span class='ocrx_word' id='word_1_90' title='bbox 424 1101 460 1144; x_wconf 90' lang='lat' dir='ltr'><strong>eo</strong></span> <span class='ocrx_word' id='word_1_91' title='bbox 475 1085 549 1143; x_wconf 90' lang='lat' dir='ltr'><strong>inter</strong></span> <span class='ocrx_word' id='word_1_92' title='bbox 568 1083 735 1145; x_wconf 88' lang='lat' dir='ltr'><strong>immodicas</strong></span> <span class='ocrx_word' id='word_1_93' title='bbox 751 1103 786 1144; x_wconf 91' lang='lat' dir='ltr'><strong>ac</strong></span> <span class='ocrx_word' id='word_1_94' title='bbox 804 1101 896 1145; x_wconf 82' lang='lat' dir='ltr'><strong>nouas</strong></span> <span class='ocrx_word' id='word_1_95' title='bbox 911 1084 1013 1164; x_wconf 92' lang='lat' dir='ltr'><strong>populi</strong></span> <span class='ocrx_word' id='word_1_96' title='bbox 1028 1082 1127 1145; x_wconf 85' lang='lat' dir='ltr'><strong>accla-</strong></span> <span class='ocrx_word' id='word_1_97' title='bbox 1139 1107 1167 1150; x_wconf 84' lang='lat' dir='ltr'><strong>so</strong></span> 
     </span>
     <span class='ocr_line' id='line_1_12' title="bbox 125 1168 1127 1250; baseline -0.005 -19"><span class='ocrx_word' id='word_1_98' title='bbox 125 1173 265 1231; x_wconf 89' lang='lat' dir='ltr'><strong>mationes</strong></span> <span class='ocrx_word' id='word_1_99' title='bbox 284 1168 397 1250; x_wconf 91' lang='lat' dir='ltr'><strong>quidam</strong></span> <span class='ocrx_word' id='word_1_100' title='bbox 419 1187 435 1228; x_wconf 90' lang='lat' dir='ltr'><strong>e</strong></span> <span class='ocrx_word' id='word_1_101' title='bbox 454 1168 537 1228; x_wconf 90' lang='lat' dir='ltr'><strong>turba</strong></span> <span class='ocrx_word' id='word_1_102' title='bbox 552 1177 662 1228; x_wconf 88' lang='lat' dir='ltr'><strong>statuae</strong></span> <span class='ocrx_word' id='word_1_103' title='bbox 682 1171 744 1228; x_wconf 88' lang='lat' dir='ltr'><strong>eius</strong></span> <span class='ocrx_word' id='word_1_104' title='bbox 761 1186 898 1230; x_wconf 91' lang='lat' dir='ltr'><strong>coronam</strong></span> <span class='ocrx_word' id='word_1_105' title='bbox 914 1169 1041 1230; x_wconf 89' lang='lat' dir='ltr'><strong>lauream</strong></span> <span class='ocrx_word' id='word_1_106' title='bbox 1058 1187 1127 1228; x_wconf 92' lang='lat' dir='ltr'><strong>can·</strong></span> 
     </span>
     <span class='ocr_line' id='line_1_13' title="bbox 127 1249 1215 1334; baseline -0.003 -19"><span class='ocrx_word' id='word_1_107' title='bbox 127 1255 190 1316; x_wconf 88' lang='lat' dir='ltr'><strong>dida</strong></span> <span class='ocrx_word' id='word_1_108' title='bbox 210 1256 299 1316; x_wconf 90' lang='lat' dir='ltr'><strong>lascia</strong></span> <span class='ocrx_word' id='word_1_109' title='bbox 319 1252 478 1334; x_wconf 89' lang='lat' dir='ltr'><strong>praeligata</strong></span> <span class='ocrx_word' id='word_1_110' title='bbox 499 1254 691 1331; x_wconf 84' lang='lat' dir='ltr'><strong>inposuisset,</strong></span> <span class='ocrx_word' id='word_1_111' title='bbox 714 1262 743 1312; x_wconf 91' lang='lat' dir='ltr'><strong>et</strong></span> <span class='ocrx_word' id='word_1_112' title='bbox 762 1253 867 1314; x_wconf 89' lang='lat' dir='ltr'><strong>tribuni</strong></span> <span class='ocrx_word' id='word_1_113' title='bbox 890 1253 985 1332; x_wconf 91' lang='lat' dir='ltr'><strong>plebis</strong></span> <span class='ocrx_word' id='word_1_114' title='bbox 1001 1252 1129 1332; x_wconf 83' lang='lat' dir='ltr'><strong>Epidius</strong></span> <span class='ocrx_word' id='word_1_115' title='bbox 1214 1249 1215 1282; x_wconf 67' lang='lat'>³</span> 
     </span>
     <span class='ocr_line' id='line_1_14' title="bbox 125 1336 1127 1416; baseline -0.004 -16"><span class='ocrx_word' id='word_1_116' title='bbox 125 1340 261 1402; x_wconf 84' lang='lat' dir='ltr'><strong>Marullus</strong></span> <span class='ocrx_word' id='word_1_117' title='bbox 283 1338 490 1416; x_wconf 80' lang='lat' dir='ltr'><strong>Caesetiusque</strong></span> <span class='ocrx_word' id='word_1_118' title='bbox 513 1336 619 1398; x_wconf 86' lang='lat' dir='ltr'><strong>Flavus</strong></span> <span class='ocrx_word' id='word_1_119' title='bbox 642 1354 769 1398; x_wconf 86' lang='lat' dir='ltr'><strong>coronae</strong></span> <span class='ocrx_word' id='word_1_120' title='bbox 796 1339 915 1398; x_wconf 87' lang='lat' dir='ltr'><strong>fasciam</strong></span> <span class='ocrx_word' id='word_1_121' title='bbox 935 1337 1046 1398; x_wconf 87' lang='lat' dir='ltr'><strong>detrahi</strong></span> <span class='ocrx_word' id='word_1_122' title='bbox 1071 1336 1127 1396; x_wconf 90' lang='lat' dir='ltr'><strong>ho·</strong></span> 
     </span>
     <span class='ocr_line' id='line_1_15' title="bbox 125 1421 1125 1503; baseline -0.004 -19"><span class='ocrx_word' id='word_1_123' title='bbox 125 1427 285 1503; x_wconf 89' lang='lat' dir='ltr'><strong>minemque</strong></span> <span class='ocrx_word' id='word_1_124' title='bbox 299 1422 364 1482; x_wconf 93' lang='lat' dir='ltr'><strong>duci</strong></span> <span class='ocrx_word' id='word_1_125' title='bbox 383 1422 412 1479; x_wconf 95' lang='lat' dir='ltr'><strong>in</strong></span> <span class='ocrx_word' id='word_1_126' title='bbox 434 1421 548 1481; x_wconf 90' lang='lat' dir='ltr'><strong>vincula</strong></span> <span class='ocrx_word' id='word_1_127' title='bbox 563 1424 729 1492; x_wconf 89' lang='lat' dir='ltr'><strong>iussissent;</strong></span> <span class='ocrx_word' id='word_1_128' title='bbox 752 1422 855 1482; x_wconf 91' lang='lat' dir='ltr'><strong>dolens</strong></span> <span class='ocrx_word' id='word_1_129' title='bbox 872 1442 924 1484; x_wconf 87' lang='lat' dir='ltr'><strong>seu</strong></span> <span class='ocrx_word' id='word_1_130' title='bbox 939 1441 1039 1503; x_wconf 89' lang='lat' dir='ltr'><strong>parum</strong></span> <span class='ocrx_word' id='word_1_131' title='bbox 1055 1439 1125 1500; x_wconf 92' lang='lat' dir='ltr'><strong>pro·</strong></span> 
     </span>
     <span class='ocr_line' id='line_1_16' title="bbox 127 1506 1163 1587; baseline -0.003 -20"><span class='ocrx_word' id='word_1_132' title='bbox 127 1526 213 1587; x_wconf 90' lang='lat' dir='ltr'><strong>spere</strong></span> <span class='ocrx_word' id='word_1_133' title='bbox 228 1515 333 1567; x_wconf 89' lang='lat' dir='ltr'><strong>motam</strong></span> <span class='ocrx_word' id='word_1_134' title='bbox 347 1507 430 1581; x_wconf 90' lang='lat' dir='ltr'><strong>regui</strong></span> <span class='ocrx_word' id='word_1_135' title='bbox 444 1507 632 1586; x_wconf 91' lang='lat' dir='ltr'><strong>mentionem,</strong></span> <span class='ocrx_word' id='word_1_136' title='bbox 655 1508 717 1567; x_wconf 83' lang='lat' dir='ltr'><strong>sive</strong></span> <span class='ocrx_word' id='word_1_137' title='bbox 730 1515 760 1566; x_wconf 93' lang='lat' dir='ltr'><strong>ut</strong></span> <span class='ocrx_word' id='word_1_138' title='bbox 774 1508 901 1585; x_wconf 86' lang='lat' dir='ltr'><strong>ferebat,</strong></span> <span class='ocrx_word' id='word_1_139' title='bbox 923 1517 1053 1586; x_wconf 88' lang='lat' dir='ltr'><strong>ereptam</strong></span> <span class='ocrx_word' id='word_1_140' title='bbox 1068 1506 1126 1566; x_wconf 91' lang='lat' dir='ltr'><strong>sibi</strong></span> <span class='ocrx_word' id='word_1_141' title='bbox 1137 1532 1163 1573; x_wconf 73' lang='lat'><strong>15</strong></span> 
     </span>
     <span class='ocr_line' id='line_1_17' title="bbox 127 1588 1122 1672; baseline -0.002 -21"><span class='ocrx_word' id='word_1_142' title='bbox 127 1592 250 1669; x_wconf 90' lang='lat' dir='ltr'><strong>gloriam</strong></span> <span class='ocrx_word' id='word_1_143' title='bbox 263 1589 428 1663; x_wconf 88' lang='lat' dir='ltr'><strong>recusandi,</strong></span> <span class='ocrx_word' id='word_1_144' title='bbox 444 1588 572 1650; x_wconf 91' lang='lat' dir='ltr'><strong>tribunos</strong></span> <span class='ocrx_word' id='word_1_145' title='bbox 587 1594 716 1668; x_wconf 84' lang='lat' dir='ltr'><strong>graviter</strong></span> <span class='ocrx_word' id='word_1_146' title='bbox 730 1593 889 1670; x_wconf 89' lang='lat' dir='ltr'><strong>increpitos</strong></span> <span class='ocrx_word' id='word_1_147' title='bbox 904 1600 1049 1672; x_wconf 86' lang='lat' dir='ltr'><strong>potestate</strong></span> <span class='ocrx_word' id='word_1_148' title='bbox 1063 1591 1122 1670; x_wconf 91' lang='lat' dir='ltr'><strong>pri-</strong></span> 
     </span>
     <span class='ocr_line' id='line_1_18' title="bbox 126 1673 1124 1754; baseline 0 -21"><span class='ocrx_word' id='word_1_149' title='bbox 126 1676 212 1734; x_wconf 89' lang='lat' dir='ltr'><strong>vavit.</strong></span> <span class='ocrx_word' id='word_1_150' title='bbox 255 1673 357 1752; x_wconf 91' lang='lat' dir='ltr'><strong>Neque</strong></span> <span class='ocrx_word' id='word_1_151' title='bbox 377 1690 414 1732; x_wconf 88' lang='lat' dir='ltr'><strong>ex</strong></span> <span class='ocrx_word' id='word_1_152' title='bbox 437 1691 473 1732; x_wconf 90' lang='lat' dir='ltr'><strong>eo</strong></span> <span class='ocrx_word' id='word_1_153' title='bbox 494 1673 635 1735; x_wconf 81' lang='lat' dir='ltr'><strong>infamiam</strong></span> <span class='ocrx_word' id='word_1_154' title='bbox 655 1675 781 1736; x_wconf 86' lang='lat' dir='ltr'><strong>allectati</strong></span> <span class='ocrx_word' id='word_1_155' title='bbox 798 1679 882 1736; x_wconf 89' lang='lat' dir='ltr'><strong>ctiam</strong></span> <span class='ocrx_word' id='word_1_156' title='bbox 903 1679 977 1754; x_wconf 90' lang='lat' dir='ltr'><strong>regii</strong></span> <span class='ocrx_word' id='word_1_157' title='bbox 999 1676 1124 1736; x_wconf 90' lang='lat' dir='ltr'><strong>nominis</strong></span> 
     </span>
     <span class='ocr_line' id='line_1_19' title="bbox 126 1756 1123 1839; baseline -0.001 -21"><span class='ocrx_word' id='word_1_158' title='bbox 126 1759 271 1819; x_wconf 89' lang='lat' dir='ltr'><strong>discutere</strong></span> <span class='ocrx_word' id='word_1_159' title='bbox 297 1756 398 1834; x_wconf 89' lang='lat' dir='ltr'><strong>valuit,</strong></span> <span class='ocrx_word' id='word_1_160' title='bbox 426 1765 593 1838; x_wconf 83' lang='lat' dir='ltr'><strong>quamquam</strong></span> <span class='ocrx_word' id='word_1_161' title='bbox 620 1769 648 1818; x_wconf 90' lang='lat' dir='ltr'><strong>et</strong></span> <span class='ocrx_word' id='word_1_162' title='bbox 671 1760 768 1839; x_wconf 88' lang='lat' dir='ltr'><strong>plebei</strong></span> <span class='ocrx_word' id='word_1_163' title='bbox 796 1779 896 1838; x_wconf 88' lang='lat' dir='ltr'><strong>regem</strong></span> <span class='ocrx_word' id='word_1_164' title='bbox 920 1780 952 1821; x_wconf 90' lang='lat' dir='ltr'><strong>se</strong></span> <span class='ocrx_word' id='word_1_165' title='bbox 978 1760 1123 1836; x_wconf 81' lang='lat' dir='ltr'><strong>salutanti,</strong></span> 
     </span>
     <span class='ocr_line' id='line_1_20' title="bbox 128 1841 1124 1924; baseline -0.005 -18"><span class='ocrx_word' id='word_1_166' title='bbox 128 1841 296 1907; x_wconf 78' lang='lat' dir='ltr'><strong>Gaesarem</strong></span> <span class='ocrx_word' id='word_1_167' title='bbox 309 1860 359 1920; x_wconf 86' lang='lat' dir='ltr'><strong>se,</strong></span> <span class='ocrx_word' id='word_1_168' title='bbox 376 1860 437 1904; x_wconf 81' lang='lat' dir='ltr'><strong>oon</strong></span> <span class='ocrx_word' id='word_1_169' title='bbox 451 1860 552 1922; x_wconf 78' lang='lat' dir='ltr'><strong>sepem</strong></span> <span class='ocrx_word' id='word_1_170' title='bbox 567 1861 635 1903; x_wconf 83' lang='lat' dir='ltr'><strong>esse</strong></span> <span class='ocrx_word' id='word_1_171' title='bbox 653 1844 851 1924; x_wconf 88' lang='lat' dir='ltr'><strong>responderit,</strong></span> <span class='ocrx_word' id='word_1_172' title='bbox 872 1854 900 1906; x_wconf 87' lang='lat' dir='ltr'><strong>et</strong></span> <span class='ocrx_word' id='word_1_173' title='bbox 913 1842 1124 1924; x_wconf 87' lang='lat' dir='ltr'><strong>Lupercalibus</strong></span> 
     </span>
     <span class='ocr_line' id='line_1_21' title="bbox 127 1926 1159 2010; baseline -0.002 -19"><span class='ocrx_word' id='word_1_174' title='bbox 127 1948 180 2010; x_wconf 88' lang='lat' dir='ltr'><strong>pro</strong></span> <span class='ocrx_word' id='word_1_175' title='bbox 201 1929 304 1990; x_wconf 91' lang='lat' dir='ltr'><strong>rostris</strong></span> <span class='ocrx_word' id='word_1_176' title='bbox 325 1946 342 1988; x_wconf 93' lang='lat' dir='ltr'><strong>a</strong></span> <span class='ocrx_word' id='word_1_177' title='bbox 364 1927 483 1988; x_wconf 85' lang='lat' dir='ltr'><strong>consuls</strong></span> <span class='ocrx_word' id='word_1_178' title='bbox 503 1926 629 1998; x_wconf 88' lang='lat' dir='ltr'><strong>Antonio</strong></span> <span class='ocrx_word' id='word_1_179' title='bbox 652 1929 794 1989; x_wconf 90' lang='lat' dir='ltr'><strong>admotum</strong></span> <span class='ocrx_word' id='word_1_180' title='bbox 816 1931 934 2008; x_wconf 86' lang='lat' dir='ltr'><strong>saepius</strong></span> <span class='ocrx_word' id='word_1_181' title='bbox 960 1929 1047 2008; x_wconf 90' lang='lat' dir='ltr'><strong>capiti</strong></span> <span class='ocrx_word' id='word_1_182' title='bbox 1068 1944 1159 1989; x_wconf 81' lang='lat' dir='ltr'><strong>suom</strong></span> 
     </span>
     <span class='ocr_line' id='line_1_22' title="bbox 127 2012 1215 2093; baseline -0.004 -19"><span class='ocrx_word' id='word_1_183' title='bbox 127 2014 255 2074; x_wconf 89' lang='lat' dir='ltr'><strong>diadema</strong></span> <span class='ocrx_word' id='word_1_184' title='bbox 274 2013 433 2092; x_wconf 90' lang='lat' dir='ltr'><strong>reppulerit</strong></span> <span class='ocrx_word' id='word_1_185' title='bbox 451 2021 536 2093; x_wconf 90' lang='lat' dir='ltr'><strong>atquc</strong></span> <span class='ocrx_word' id='word_1_186' title='bbox 555 2013 583 2072; x_wconf 92' lang='lat' dir='ltr'><strong>in</strong></span> <span class='ocrx_word' id='word_1_187' title='bbox 599 2012 771 2092; x_wconf 80' lang='lat' dir='ltr'><strong>Capitolium</strong></span> <span class='ocrx_word' id='word_1_188' title='bbox 786 2013 849 2075; x_wconf 90' lang='lat' dir='ltr'><strong>lovi</strong></span> <span class='ocrx_word' id='word_1_189' title='bbox 867 2013 981 2093; x_wconf 89' lang='lat' dir='ltr'><strong>Optimo</strong></span> <span class='ocrx_word' id='word_1_190' title='bbox 995 2013 1122 2074; x_wconf 89' lang='lat' dir='ltr'><strong>llaximo</strong></span> <span class='ocrx_word' id='word_1_191' title='bbox 1214 2025 1215 2036; x_wconf 60' lang='lat'>¹</span> 
     </span>
     <span class='ocr_line' id='line_1_23' title="bbox 126 2098 1123 2176; baseline -0.006 -17"><span class='ocrx_word' id='word_1_192' title='bbox 126 2101 244 2162; x_wconf 85' lang='lat' dir='ltr'><strong>miserit.</strong></span> <span class='ocrx_word' id='word_1_193' title='bbox 289 2098 363 2173; x_wconf 81' lang='lat' dir='ltr'><strong>Quin</strong></span> <span class='ocrx_word' id='word_1_194' title='bbox 391 2099 475 2157; x_wconf 89' lang='lat' dir='ltr'><strong>etiam</strong></span> <span class='ocrx_word' id='word_1_195' title='bbox 504 2098 583 2158; x_wconf 85' lang='lat' dir='ltr'><strong>varia</strong></span> <span class='ocrx_word' id='word_1_196' title='bbox 610 2098 684 2159; x_wconf 83' lang='lat' dir='ltr'><strong>lanua</strong></span> <span class='ocrx_word' id='word_1_197' title='bbox 713 2098 907 2176; x_wconf 82' lang='lat' dir='ltr'><strong>percrebruit,</strong></span> <span class='ocrx_word' id='word_1_198' title='bbox 937 2099 1123 2176; x_wconf 89' lang='lat' dir='ltr'><strong>migraturum</strong></span> 
     </span>
     <span class='ocr_line' id='line_1_24' title="bbox 127 2181 1123 2261; baseline -0.006 -17"><span class='ocrx_word' id='word_1_199' title='bbox 127 2183 338 2246; x_wconf 75' lang='lat' dir='ltr'><strong>Alexandream</strong></span> <span class='ocrx_word' id='word_1_200' title='bbox 360 2182 407 2241; x_wconf 89' lang='lat' dir='ltr'><strong>vel</strong></span> <span class='ocrx_word' id='word_1_201' title='bbox 424 2181 519 2259; x_wconf 91' lang='lat' dir='ltr'><strong>Ilium,</strong></span> <span class='ocrx_word' id='word_1_202' title='bbox 540 2182 684 2242; x_wconf 88' lang='lat' dir='ltr'><strong>translatis</strong></span> <span class='ocrx_word' id='word_1_203' title='bbox 706 2182 788 2242; x_wconf 91' lang='lat' dir='ltr'><strong>simul</strong></span> <span class='ocrx_word' id='word_1_204' title='bbox 809 2183 912 2261; x_wconf 93' lang='lat' dir='ltr'><strong>opibus</strong></span> <span class='ocrx_word' id='word_1_205' title='bbox 936 2182 1047 2261; x_wconf 89' lang='lat' dir='ltr'><strong>imperii</strong></span> <span class='ocrx_word' id='word_1_206' title='bbox 1071 2198 1123 2239; x_wconf 91' lang='lat' dir='ltr'><strong>ex-</strong></span> 
     </span>
     <span class='ocr_line' id='line_1_25' title="bbox 127 2264 1122 2346; baseline -0.005 -18"><span class='ocrx_word' id='word_1_207' title='bbox 127 2268 284 2346; x_wconf 86' lang='lat' dir='ltr'><strong>haustaque</strong></span> <span class='ocrx_word' id='word_1_208' title='bbox 298 2266 378 2326; x_wconf 89' lang='lat' dir='ltr'><strong>ltalia</strong></span> <span class='ocrx_word' id='word_1_209' title='bbox 395 2264 545 2326; x_wconf 91' lang='lat' dir='ltr'><strong>dilectibus</strong></span> <span class='ocrx_word' id='word_1_210' title='bbox 565 2274 593 2324; x_wconf 90' lang='lat' dir='ltr'><strong>et</strong></span> <span class='ocrx_word' id='word_1_211' title='bbox 613 2267 816 2345; x_wconf 88' lang='lat' dir='ltr'><strong>procuratione</strong></span> <span class='ocrx_word' id='word_1_212' title='bbox 837 2267 916 2328; x_wconf 90' lang='lat' dir='ltr'><strong>urbis</strong></span> <span class='ocrx_word' id='word_1_213' title='bbox 937 2268 1036 2326; x_wconf 91' lang='lat' dir='ltr'><strong>amicis</strong></span> <span class='ocrx_word' id='word_1_214' title='bbox 1054 2282 1122 2344; x_wconf 90' lang='lat' dir='ltr'><strong>per-</strong></span> 
     </span>
     <span class='ocr_line' id='line_1_26' title="bbox 128 2349 1159 2430; baseline 0.002 -19"><span class='ocrx_word' id='word_1_215' title='bbox 128 2352 228 2427; x_wconf 91' lang='lat' dir='ltr'><strong>missa,</strong></span> <span class='ocrx_word' id='word_1_216' title='bbox 246 2351 378 2428; x_wconf 89' lang='lat' dir='ltr'><strong>proximo</strong></span> <span class='ocrx_word' id='word_1_217' title='bbox 392 2359 483 2409; x_wconf 89' lang='lat' dir='ltr'><strong>autern</strong></span> <span class='ocrx_word' id='word_1_218' title='bbox 500 2358 599 2410; x_wconf 89' lang='lat' dir='ltr'><strong>senatu</strong></span> <span class='ocrx_word' id='word_1_219' title='bbox 613 2350 728 2410; x_wconf 80' lang='lat' dir='ltr'><strong>lucium</strong></span> <span class='ocrx_word' id='word_1_220' title='bbox 743 2349 855 2410; x_wconf 80' lang='lat' dir='ltr'><strong>Cottam</strong></span> <span class='ocrx_word' id='word_1_221' title='bbox 870 2350 1123 2430; x_wconf 85' lang='lat' dir='ltr'><strong>quindecimvirum</strong></span> <span class='ocrx_word' id='word_1_222' title='bbox 1133 2371 1159 2413; x_wconf 79' lang='lat' dir='ltr'><strong>as</strong></span> 
     </span>
     <span class='ocr_line' id='line_1_27' title="bbox 91 2432 1122 2513; baseline -0.005 -17"><span class='ocrx_word' id='word_1_223' title='bbox 91 2461 93 2466; x_wconf 64' lang='grc'>’</span> <span class='ocrx_word' id='word_1_224' title='bbox 129 2435 297 2496; x_wconf 89' lang='lat' dir='ltr'><strong>sententiam</strong></span> <span class='ocrx_word' id='word_1_225' title='bbox 313 2432 467 2512; x_wconf 91' lang='lat' dir='ltr'><strong>dicturum,</strong></span> <span class='ocrx_word' id='word_1_226' title='bbox 489 2445 531 2511; x_wconf 93' lang='lat' dir='ltr'><strong>ut,</strong></span> <span class='ocrx_word' id='word_1_227' title='bbox 553 2437 685 2513; x_wconf 87' lang='lat' dir='ltr'><strong>quoniam</strong></span> <span class='ocrx_word' id='word_1_228' title='bbox 705 2435 786 2496; x_wconf 88' lang='lat' dir='ltr'><strong>libris</strong></span> <span class='ocrx_word' id='word_1_229' title='bbox 808 2436 941 2495; x_wconf 83' lang='lat' dir='ltr'><strong>fatalibus</strong></span> <span class='ocrx_word' id='word_1_230' title='bbox 959 2437 1122 2495; x_wconf 87' lang='lat' dir='ltr'><strong>continere-</strong></span> 
     </span>
     <span class='ocr_line' id='line_1_28' title="bbox 128 2516 1215 2598; baseline -0.005 -17"><span class='ocrx_word' id='word_1_231' title='bbox 128 2529 187 2598; x_wconf 87' lang='lat' dir='ltr'><strong>tur,</strong></span> <span class='ocrx_word' id='word_1_232' title='bbox 208 2517 329 2578; x_wconf 88' lang='lat' dir='ltr'><strong>Parthos</strong></span> <span class='ocrx_word' id='word_1_233' title='bbox 350 2517 404 2575; x_wconf 90' lang='lat' dir='ltr'><strong>nisi</strong></span> <span class='ocrx_word' id='word_1_234' title='bbox 419 2535 435 2577; x_wconf 91' lang='lat' dir='ltr'><strong>a</strong></span> <span class='ocrx_word' id='word_1_235' title='bbox 449 2535 520 2594; x_wconf 90' lang='lat' dir='ltr'><strong>rege</strong></span> <span class='ocrx_word' id='word_1_236' title='bbox 537 2535 594 2577; x_wconf 95' lang='lat' dir='ltr'><strong>non</strong></span> <span class='ocrx_word' id='word_1_237' title='bbox 610 2536 697 2598; x_wconf 92' lang='lat' dir='ltr'><strong>posse</strong></span> <span class='ocrx_word' id='word_1_238' title='bbox 712 2520 801 2597; x_wconf 85' lang='lat' dir='ltr'><strong>vinci,</strong></span> <span class='ocrx_word' id='word_1_239' title='bbox 823 2517 933 2581; x_wconf 84' lang='lat' dir='ltr'><strong>Caesar</strong></span> <span class='ocrx_word' id='word_1_240' title='bbox 947 2538 1000 2579; x_wconf 90' lang='lat' dir='ltr'><strong>rex</strong></span> <span class='ocrx_word' id='word_1_241' title='bbox 1021 2516 1122 2598; x_wconf 89' lang='lat' dir='ltr'><strong>appel·</strong></span> <span class='ocrx_word' id='word_1_242' title='bbox 1214 2557 1215 2598; x_wconf 23' lang='lat' dir='ltr'><strong>p</strong></span> 
     </span>
     <span class='ocr_line' id='line_1_29' title="bbox 85 2601 1215 2684; baseline -0.002 -22"><span class='ocrx_word' id='word_1_243' title='bbox 85 2605 244 2667; x_wconf 80' lang='lat' dir='ltr'><strong>60laretur.</strong></span> <span class='ocrx_word' id='word_1_244' title='bbox 276 2601 356 2676; x_wconf 82' lang='lat' dir='ltr'><strong>Quae</strong></span> <span class='ocrx_word' id='word_1_245' title='bbox 372 2618 457 2662; x_wconf 89' lang='lat' dir='ltr'><strong>causa</strong></span> <span class='ocrx_word' id='word_1_246' title='bbox 472 2605 626 2663; x_wconf 90' lang='lat' dir='ltr'><strong>coniuratis</strong></span> <span class='ocrx_word' id='word_1_247' title='bbox 639 2604 796 2664; x_wconf 89' lang='lat' dir='ltr'><strong>maturandi</strong></span> <span class='ocrx_word' id='word_1_248' title='bbox 812 2604 864 2664; x_wconf 87' lang='lat' dir='ltr'><strong>luit</strong></span> <span class='ocrx_word' id='word_1_249' title='bbox 877 2605 1015 2664; x_wconf 88' lang='lat' dir='ltr'><strong>destinata</strong></span> <span class='ocrx_word' id='word_1_250' title='bbox 1029 2619 1122 2679; x_wconf 91' lang='lat' dir='ltr'><strong>nego·</strong></span> <span class='ocrx_word' id='word_1_251' title='bbox 1214 2609 1215 2684; x_wconf 45' lang='lat' dir='ltr'><strong>l</strong></span> 
     </span>
     <span class='ocr_line' id='line_1_30' title="bbox 127 2685 620 2767; baseline -0.003 -17"><span class='ocrx_word' id='word_1_252' title='bbox 127 2693 179 2767; x_wconf 84' lang='lat' dir='ltr'><strong>tia,</strong></span> <span class='ocrx_word' id='word_1_253' title='bbox 196 2705 232 2747; x_wconf 92' lang='lat' dir='ltr'><strong>ne</strong></span> <span class='ocrx_word' id='word_1_254' title='bbox 250 2685 381 2746; x_wconf 87' lang='lat' dir='ltr'><strong>assentiri</strong></span> <span class='ocrx_word' id='word_1_255' title='bbox 395 2703 517 2746; x_wconf 89' lang='lat' dir='ltr'><strong>neeesse</strong></span> <span class='ocrx_word' id='word_1_256' title='bbox 534 2697 620 2748; x_wconf 91' lang='lat' dir='ltr'><strong>essct.</strong></span> 
     </span>
     <span class='ocr_line' id='line_1_31' title="bbox 192 2769 1215 2853; baseline 0.007 -21"><span class='ocrx_word' id='word_1_257' title='bbox 192 2770 318 2832; x_wconf 82' lang='lat' dir='ltr'><strong>Consilia</strong></span> <span class='ocrx_word' id='word_1_258' title='bbox 344 2769 445 2848; x_wconf 91' lang='lat' dir='ltr'><strong>igitur,</strong></span> <span class='ocrx_word' id='word_1_259' title='bbox 473 2770 624 2850; x_wconf 92' lang='lat' dir='ltr'><strong>dispersim</strong></span> <span class='ocrx_word' id='word_1_260' title='bbox 651 2782 734 2833; x_wconf 88' lang='lat' dir='ltr'><strong>antea</strong></span> <span class='ocrx_word' id='word_1_261' title='bbox 757 2773 853 2834; x_wconf 88' lang='lat' dir='ltr'><strong>habita</strong></span> <span class='ocrx_word' id='word_1_262' title='bbox 881 2782 909 2834; x_wconf 91' lang='lat' dir='ltr'><strong>et</strong></span> <span class='ocrx_word' id='word_1_263' title='bbox 934 2791 1009 2852; x_wconf 88' lang='lat' dir='ltr'><strong>quae</strong></span> <span class='ocrx_word' id='word_1_264' title='bbox 1031 2791 1159 2853; x_wconf 78' lang='lat' dir='ltr'><strong>saepest</strong></span> <span class='ocrx_word' id='word_1_265' title='bbox 1214 2823 1215 2828; x_wconf 19' lang='grc' dir='ltr'>η</span> 
     </span>
     <span class='ocr_line' id='line_1_32' title="bbox 127 2855 1215 2937; baseline -0.001 -20"><span class='ocrx_word' id='word_1_266' title='bbox 127 2857 185 2917; x_wconf 93' lang='lat' dir='ltr'><strong>bini</strong></span> <span class='ocrx_word' id='word_1_267' title='bbox 201 2855 311 2917; x_wconf 83' lang='lat' dir='ltr'><strong>terniue</strong></span> <span class='ocrx_word' id='word_1_268' title='bbox 328 2862 478 2933; x_wconf 82' lang='lat' dir='ltr'><strong>ceperant,</strong></span> <span class='ocrx_word' id='word_1_269' title='bbox 492 2857 615 2917; x_wconf 90' lang='lat' dir='ltr'><strong>inunum</strong></span> <span class='ocrx_word' id='word_1_270' title='bbox 629 2873 728 2918; x_wconf 91' lang='lat' dir='ltr'><strong>omnes</strong></span> <span class='ocrx_word' id='word_1_271' title='bbox 745 2858 943 2933; x_wconf 87' lang='lat' dir='ltr'><strong>contulerunt,</strong></span> <span class='ocrx_word' id='word_1_272' title='bbox 959 2875 996 2917; x_wconf 91' lang='lat' dir='ltr'><strong>ne</strong></span> <span class='ocrx_word' id='word_1_273' title='bbox 1010 2857 1122 2937; x_wconf 93' lang='lat' dir='ltr'><strong>populo</strong></span> <span class='ocrx_word' id='word_1_274' title='bbox 1214 2867 1215 2870; x_wconf 75' lang='grc'>’</span> 
     </span>
     <span class='ocr_line' id='line_1_33' title="bbox 128 2940 1215 3024; baseline 0 -23"><span class='ocrx_word' id='word_1_275' title='bbox 128 2941 239 3022; x_wconf 92' lang='lat' dir='ltr'><strong>quidem</strong></span> <span class='ocrx_word' id='word_1_276' title='bbox 264 2942 318 2999; x_wconf 87' lang='lat' dir='ltr'><strong>iam</strong></span> <span class='ocrx_word' id='word_1_277' title='bbox 343 2940 488 3017; x_wconf 87' lang='lat' dir='ltr'><strong>praesenti</strong></span> <span class='ocrx_word' id='word_1_278' title='bbox 514 2949 587 3000; x_wconf 90' lang='lat' dir='ltr'><strong>statu</strong></span> <span class='ocrx_word' id='word_1_279' title='bbox 611 2942 704 3018; x_wconf 90' lang='lat' dir='ltr'><strong>laeto,</strong></span> <span class='ocrx_word' id='word_1_280' title='bbox 730 2941 782 3002; x_wconf 92' lang='lat' dir='ltr'><strong>sed</strong></span> <span class='ocrx_word' id='word_1_281' title='bbox 805 2942 877 3003; x_wconf 89' lang='lat' dir='ltr'><strong>clam</strong></span> <span class='ocrx_word' id='word_1_282' title='bbox 901 2943 1052 3021; x_wconf 90' lang='lat' dir='ltr'><strong>palamque</strong></span> <span class='ocrx_word' id='word_1_283' title='bbox 1074 2941 1121 3001; x_wconf 92' lang='lat' dir='ltr'><strong>de·</strong></span> <span class='ocrx_word' id='word_1_284' title='bbox 1214 3003 1215 3024; x_wconf 20' lang='grc' dir='ltr'>ἶ</span> 
     </span>
     <span class='ocr_line' id='line_1_34' title="bbox 127 3023 1121 3104; baseline 0 -20"><span class='ocrx_word' id='word_1_285' title='bbox 127 3033 265 3085; x_wconf 82' lang='lat' dir='ltr'><strong>tractante</strong></span> <span class='ocrx_word' id='word_1_286' title='bbox 282 3023 501 3083; x_wconf 91' lang='lat' dir='ltr'><strong>dominationem</strong></span> <span class='ocrx_word' id='word_1_287' title='bbox 517 3034 601 3104; x_wconf 87' lang='lat' dir='ltr'><strong>atque</strong></span> <span class='ocrx_word' id='word_1_288' title='bbox 618 3035 781 3086; x_wconf 90' lang='lat' dir='ltr'><strong>assertores</strong></span> <span class='ocrx_word' id='word_1_289' title='bbox 797 3027 953 3104; x_wconf 77' lang='lat' dir='ltr'><strong>flagitante.</strong></span> <span class='ocrx_word' id='word_1_290' title='bbox 987 3025 1121 3102; x_wconf 89' lang='lat' dir='ltr'><strong>Peregri-</strong></span> 
     </span>
     <span class='ocr_line' id='line_1_35' title="bbox 127 3108 1120 3189; baseline 0.004 -23"><span class='ocrx_word' id='word_1_291' title='bbox 127 3110 172 3167; x_wconf 87' lang='lat' dir='ltr'><strong>nis</strong></span> <span class='ocrx_word' id='word_1_292' title='bbox 192 3110 219 3166; x_wconf 94' lang='lat' dir='ltr'><strong>in</strong></span> <span class='ocrx_word' id='word_1_293' title='bbox 237 3118 364 3168; x_wconf 89' lang='lat' dir='ltr'><strong>senatum</strong></span> <span class='ocrx_word' id='word_1_294' title='bbox 385 3108 512 3184; x_wconf 88' lang='lat' dir='ltr'><strong>allectis,</strong></span> <span class='ocrx_word' id='word_1_295' title='bbox 535 3108 650 3170; x_wconf 88' lang='lat' dir='ltr'><strong>libellus</strong></span> <span class='ocrx_word' id='word_1_296' title='bbox 670 3112 839 3189; x_wconf 90' lang='lat' dir='ltr'><strong>propositus</strong></span> <span class='ocrx_word' id='word_1_297' title='bbox 855 3119 915 3171; x_wconf 87' lang='lat' dir='ltr'><strong>est:</strong></span> <span class='ocrx_word' id='word_1_298' title='bbox 935 3109 1054 3172; x_wconf 80' lang='lat' dir='ltr'><strong>Bonum</strong></span> <span class='ocrx_word' id='word_1_299' title='bbox 1069 3109 1120 3188; x_wconf 83' lang='lat' dir='ltr'><strong>fo·</strong></span> 
     </span>
     <span class='ocr_line' id='line_1_36' title="bbox 128 3193 1158 3271; baseline 0.005 -18"><span class='ocrx_word' id='word_1_300' title='bbox 128 3200 222 3253; x_wconf 86' lang='lat' dir='ltr'><strong>ctum:</strong></span> <span class='ocrx_word' id='word_1_301' title='bbox 246 3209 284 3252; x_wconf 82' lang='lat' dir='ltr'><strong>ne</strong></span> <span class='ocrx_word' id='word_1_302' title='bbox 303 3193 371 3271; x_wconf 83' lang='lat' dir='ltr'><strong>quis</strong></span> <span class='ocrx_word' id='word_1_303' title='bbox 391 3193 530 3255; x_wconf 82' lang='lat' dir='ltr'><strong>senatori</strong></span> <span class='ocrx_word' id='word_1_304' title='bbox 550 3211 629 3255; x_wconf 83' lang='lat' dir='ltr'><strong>novo</strong></span> <span class='ocrx_word' id='word_1_305' title='bbox 646 3194 764 3254; x_wconf 85' lang='lat' dir='ltr'><strong>curiam</strong></span> <span class='ocrx_word' id='word_1_306' title='bbox 783 3202 959 3256; x_wconf 83' lang='lat' dir='ltr'><strong>monstrare</strong></span> <span class='ocrx_word' id='word_1_307' title='bbox 980 3195 1071 3256; x_wconf 81' lang='lat' dir='ltr'><strong>velit!</strong></span> <span class='ocrx_word' id='word_1_308' title='bbox 1094 3201 1158 3258; x_wconf 74' lang='lat' dir='ltr'><strong>etas</strong></span> 
     </span>
     <span class='ocr_line' id='line_1_37' title="bbox 126 3273 482 3350; baseline 0.014 -16"><span class='ocrx_word' id='word_1_309' title='bbox 126 3275 175 3335; x_wconf 90' lang='lat' dir='ltr'><strong>illa</strong></span> <span class='ocrx_word' id='word_1_310' title='bbox 189 3273 277 3350; x_wconf 86' lang='lat' dir='ltr'><strong>vulgo</strong></span> <span class='ocrx_word' id='word_1_311' title='bbox 295 3274 482 3339; x_wconf 88' lang='lat' dir='ltr'><strong>canebantur:</strong></span> 
     </span>
     <span class='ocr_line' id='line_1_38' title="bbox 212 3361 1036 3436; baseline 0.005 -20"><span class='ocrx_word' id='word_1_312' title='bbox 212 3361 302 3416; x_wconf 82' lang='lat' dir='ltr'><strong>Gallos</strong></span> <span class='ocrx_word' id='word_1_313' title='bbox 321 3363 423 3419; x_wconf 80' lang='lat' dir='ltr'><strong>Caesar</strong></span> <span class='ocrx_word' id='word_1_314' title='bbox 441 3368 469 3421; x_wconf 84' lang='lat' dir='ltr'><strong>in</strong></span> <span class='ocrx_word' id='word_1_315' title='bbox 490 3365 654 3436; x_wconf 80' lang='lat' dir='ltr'><strong>triumphum</strong></span> <span class='ocrx_word' id='word_1_316' title='bbox 675 3368 761 3436; x_wconf 84' lang='lat' dir='ltr'><strong>ducit,</strong></span> <span class='ocrx_word' id='word_1_317' title='bbox 781 3368 850 3422; x_wconf 74' lang='lat' dir='ltr'><strong>idem</strong></span> <span class='ocrx_word' id='word_1_318' title='bbox 872 3369 899 3422; x_wconf 82' lang='lat' dir='ltr'><strong>in</strong></span> <span class='ocrx_word' id='word_1_319' title='bbox 918 3369 1036 3422; x_wconf 82' lang='lat' dir='ltr'><strong>curiam.</strong></span> 
     </span>
     <span class='ocr_line' id='line_1_39' title="bbox 213 3443 1037 3524; baseline 0.006 -24"><span class='ocrx_word' id='word_1_320' title='bbox 213 3443 284 3500; x_wconf 83' lang='lat' dir='ltr'><strong>Galli</strong></span> <span class='ocrx_word' id='word_1_321' title='bbox 298 3445 397 3502; x_wconf 85' lang='lat' dir='ltr'><strong>bracas</strong></span> <span class='ocrx_word' id='word_1_322' title='bbox 417 3449 613 3522; x_wconf 80' lang='lat' dir='ltr'><strong>deposuerunt,</strong></span> <span class='ocrx_word' id='word_1_323' title='bbox 633 3452 715 3506; x_wconf 85' lang='lat' dir='ltr'><strong>latum</strong></span> <span class='ocrx_word' id='word_1_324' title='bbox 730 3453 834 3506; x_wconf 81' lang='lat' dir='ltr'><strong>clocam</strong></span> <span class='ocrx_word' id='word_1_325' title='bbox 853 3459 1037 3524; x_wconf 78' lang='lat' dir='ltr'><strong>sumpserunt.</strong></span> 
     </span>
    </p>
   </div>
   <div class='ocr_carea' id='block_1_3' title="bbox 0 0 1244 3912">
    <p class='ocr_par' dir='ltr' id='par_1_3' title="bbox 0 0 1244 3912">
     <span class='ocr_line' id='line_1_40' title="bbox 0 0 1244 3912; baseline 0 0"><span class='ocrx_word' id='word_1_326' title='bbox 0 0 1244 3912; x_wconf 95' lang='lat' dir='ltr'><strong> </strong></span> 
     </span>
    </p>
   </div>
  </div>
 </body>
</html>
