2450 3910
125 198 187 258 212
210 208 240 256 c.
256 208 405 256 sunroru
417 207 544 266 ranno.
558 208 606 253 nn
616 207 701 256 vura
713 207 896 256 cassanum
907 209 977 255 nra.
989 209 1049 255 vu.

96 388 114 446 7
189 363 264 424 Dein
275 372 417 440 vergente
430 364 486 422 iam
496 363 542 422 die
555 365 704 440 ingressus
720 372 860 441 senatum,
872 365 1027 442 positaque
1038 363 1121 424 breul
1211 359 1212 384 l

125 451 237 509 ratione
251 449 333 526 quasi
345 456 444 526 raptus
458 447 494 506 de
507 446 624 526 publico
638 457 666 507 et
679 464 830 526 snscrpere
841 449 992 526 imperium
1006 449 1040 507 vi
1055 465 1118 510 coa·
1211 449 1212 454 ’

127 542 189 594 etus
204 541 399 610 gesturusque
418 533 560 592 communi
576 533 700 592 omnium
718 531 854 610 arbitrio,
875 531 1015 593 Palatium
1040 535 1120 611 petit.

125 618 171 676 Ac
183 635 272 695 super
284 624 399 676 ceteras
409 616 612 694 gratulantium
624 616 854 695 adulantiumque
866 616 1019 678 blanditias
1032 617 1068 677 ab
1079 619 1120 676 in·

126 703 192 762 lrma
205 699 293 779 plebe
305 700 471 779 appellatus
481 699 578 777 Nero,
590 701 698 761 nullum
712 701 846 760 indicium
858 704 1022 761 recusantis
1032 701 1146 778 dedit,⁵

126 789 230 861 immo,
244 793 275 845 ut
291 784 405 863 quidam
425 784 616 862 tradiderunt,
638 787 723 845 etiarn
740 784 944 864 diplomatibus
964 788 1122 864 primisque

127 868 261 950 epistulis
278 871 339 928 suis
349 869 385 929 ad
398 869 537 947 quosdam
550 871 762 948 provinciarum
775 870 924 948 praesides
936 870 1062 930 Neronis
1072 887 1120 930 co·

127 971 252 1034 gnomen
265 953 380 1014 adiecit.
402 952 489 1014 Certe
502 963 531 1013 et
542 956 682 1031 imagInes
691 962 857 1033 statuasque
867 957 928 1015 eius
939 956 1043 1033 reponi
1055 963 1120 1034 pas·

126 1057 177 1100 sus
192 1047 238 1098 est
251 1046 279 1098 et
295 1047 502 1117 procuratores
515 1047 600 1117 atque
614 1039 736 1098 libertos
753 1038 789 1098 ad
805 1037 907 1098 eadem
925 1039 1022 1099 ollicia
1035 1057 1120 1100 reuo-

128 1125 214 1199 cauit,
225 1141 281 1182 nee
294 1124 445 1203 quicquam
458 1123 539 1202 prius
550 1140 602 1202 pro
616 1132 761 1203 potestate
769 1121 941 1202 subscripsit
948 1141 1032 1202 quam
1039 1125 1120 1203 quin·
1132 1134 1156 1176 10

127 1209 242 1285 genties
255 1209 419 1267 sestertium
433 1207 468 1268 ad
482 1207 677 1285 peragendam
688 1206 814 1267 Auream
825 1208 947 1268 domum.

186 1291 299 1352 Dicitur
316 1310 350 1352 ea
363 1301 449 1352 nocte
460 1310 514 1371 per
527 1290 652 1371 quietem
663 1292 833 1370 pavefactus
845 1294 969 1370 gemitus
982 1292 1122 1352 maximos

127 1375 273 1453 edidisse,
288 1386 481 1456 repertusque
494 1394 510 1435 a
526 1375 764 1437 concursantibus
782 1375 859 1436 bumi
874 1386 940 1436 ante
958 1376 1065 1437 lectum
1081 1376 1120 1434 ia-

128 1479 215 1537 cens,
230 1477 284 1538 per
295 1461 389 1521 omnia
403 1461 580 1538 piaculorum
591 1479 701 1538 genera
712 1461 813 1522 Manes
825 1460 949 1538 Galbae,
966 1479 982 1521 a
1002 1478 1059 1539 quo
1072 1458 1120 1519 de·
1211 1513 1212 1522 ,

127 1545 235 1607 turbari
248 1544 416 1624 expellique
431 1563 464 1604 se
475 1544 602 1622 uiderat,
621 1546 779 1624 propitiare
792 1554 965 1624 temptasse;
982 1543 1121 1624 postridie
1132 1553 1158 1594 1³

128 1647 244 1708 quoque
256 1630 286 1687 in
297 1628 464 1705 augurando
471 1637 642 1708 tempestate
651 1639 714 1688 orta
725 1630 854 1706 graviter
861 1629 1029 1709 prolapsum
1041 1627 1120 1688 iden·

127 1713 215 1774 tidem
228 1711 475 1773 obmurmurasse:
924 1716 926 1719 ’

239 1796 281 1857 Τί
292 1787 355 1876 γάρ
366 1815 422 1876 μοι
434 1789 490 1858 καὶ
501 1804 641 1876 μακροῖς
652 1787 786 1873 αὐλοῑς;

99 1898 118 1954 3
188 1881 247 1942 Sub
265 1881 341 1941 idem
358 1899 430 1942 vero
446 1891 559 1960 tempus
580 1879 789 1942 Germaniciani
806 1883 953 1942 exereitus
972 1885 1002 1941 in
1020 1880 1121 1943 Vitelli

129 1965 219 2027 verba
231 1967 365 2027 iurarunt.
405 1964 488 2039 Quod
502 1975 530 2025 ut
542 1969 692 2044 comperit,
705 1974 808 2027 auctor
819 1969 931 2027 senatui
941 1967 995 2027 luit
1009 1967 1120 2026 mitten·
1130 1983 1159 2026 ao

129 2050 183 2112 dae
197 2051 363 2129 legationis,
378 2069 452 2129 quae
465 2051 585 2110 doceret
598 2050 722 2110 electum
735 2053 792 2110 iam
803 2052 981 2130 principem,
994 2053 1125 2130 quietem,
1211 2049 1212 2080 ³

129 2146 159 2196 ct
177 2135 361 2197 concordiam
374 2135 523 2205 suaderet;
547 2144 576 2195 et
588 2143 682 2194 tamen
694 2154 747 2214 per
762 2137 950 2196 internuntios
963 2154 998 2194 ac
1009 2136 1121 2194 litteras

129 2223 294 2282 consortem
305 2221 419 2300 imperii
426 2237 664 2300 generumquese
671 2219 790 2280 Vitellio
800 2219 912 2298 optulit
928 2216 1123 2280 Verumbaud

129 2304 321 2386 dubiobello,
333 2307 446 2383 iamque
459 2304 580 2364 ducibus
592 2313 621 2364 et
633 2305 726 2383 copiis
738 2323 809 2383 quas
815 2302 950 2364 Vitellius
964 2302 1120 2382 praernise-

128 2398 173 2448 rat
185 2389 491 2468 appropinquantibus,
504 2390 624 2449 animum
637 2389 780 2468 lidemque
793 2405 864 2466 erga
876 2406 908 2447 se
924 2387 1121 2467 praetoriano·
1130 2406 1160 2448 as

128 2491 190 2533 rum
202 2490 297 2551 paene
309 2470 506 2534 internecione
520 2473 687 2552 amplissimi
700 2474 808 2534 ordinis
821 2482 961 2552 expertus
973 2482 1028 2532 est.
1057 2470 1122 2533 Pla·
1211 2469 1212 2476 '

130 2566 230 2617 cuerat
242 2574 296 2636 per
313 2554 479 2620 classiarios
494 2575 574 2617 arma
590 2558 739 2618 transferri
754 2560 917 2636 remittique
931 2557 1068 2625 navibus;
1087 2574 1123 2616 ea

131 2660 195 2702 cum
207 2643 235 2701 in
251 2642 359 2702 castris
368 2639 421 2701 sub
433 2651 548 2702 noctem
555 2651 763 2720 promerentur,
776 2641 895 2702 insidias
908 2641 1122 2722 quidamsuspi·

130 2727 186 2788 cati
198 2726 345 2786 tumultum
359 2727 572 2808 encitaverunt;
587 2745 622 2786 ac
632 2737 756 2806 repente
762 2726 949 2787 omnesnnllo
957 2735 1040 2786 certo
1046 2724 1122 2784 duce

103 2841 105 2846 ·
129 2814 159 2871 in
171 2809 310 2871 Palatium
328 2821 516 2870 cucurrerunt
537 2810 655 2871 caedem
665 2821 782 2871 senatus
794 2811 969 2888 flagitantes,
979 2809 1121 2888 repulsis·
1132 2831 1160 2874 so

130 2914 186 2975 que
199 2894 385 2974 tribunorum,
401 2889 448 2974 qui
458 2895 589 2956 inhibere
600 2896 787 2973 temptabant,
800 2895 945 2956 nonnullis
959 2903 988 2954 et
1003 2895 1122 2972 occisis,
1211 2949 1212 2956 ,

130 2981 173 3040 sic
183 2988 215 3039 ut
226 2990 310 3040 erant
323 2983 444 3057 cruenti,
456 2978 569 3040 ubinam
584 2983 742 3059 imperator
758 2989 838 3040 esset
853 2981 1044 3059 requirentes,
1056 2996 1122 3059 pcr-
1211 2995 1212 3052 j

129 3074 269 3144 ruperunt
279 3067 308 3123 in
320 3065 474 3126 triclinium
487 3084 589 3144 usque,
602 3083 658 3124 nee
668 3067 723 3124 nisi
736 3067 800 3125 viso
813 3065 994 3126 destiterunt.

194 3147 418 3226 Expeditionem
430 3159 524 3210 autem
534 3150 649 3228 inpigre
662 3159 747 3228 atque
761 3151 846 3209 etiam
862 3166 1063 3230 praepropere
1080 3147 1122 3206 in·
1209 3175 1212 3198 ι

132 3230 257 3309 choavit,
269 3234 393 3295 nullane
405 3234 579 3311 religionum
591 3232 704 3313 quidem
717 3252 795 3310 cura,
808 3232 860 3294 sed
873 3235 992 3295 etmotis
1000 3231 1123 3293 necdum
1133 3253 1163 3297 as
1211 3233 1212 3272 i

132 3313 254 3374 conditis
268 3319 421 3397 ancilibus,
434 3317 528 3398 (quod
541 3317 694 3396 antiquitus
709 3319 861 3379 infaustum
872 3317 1010 3394 habetur)
1024 3325 1053 3377 et
1064 3314 1124 3393 die,

132 3414 190 3475 quo
198 3397 325 3461 cultores
333 3402 415 3463 deum
423 3403 712 3465 lllatrislamentariet
722 3403 862 3483 plangere
870 3403 1025 3481 incipiunt:
1039 3415 1123 3480 prae-

131 3490 212 3540 terea
223 3481 432 3547 aduersissimis
445 3487 591 3568 auspiciis.
613 3485 686 3547 Nam
699 3485 922 3548 etvietimalliti
941 3487 1016 3566 patri
1035 3501 1126 3547 caesa
