2466 3896
497 235 526 284 c.
548 237 732 288 cannones.
1058 229 1113 290 121

129 387 270 466 glstanum
292 389 480 467 abstinuisse,
501 391 578 470 quod
602 393 676 470 apud
699 393 821 454 Parthos
842 397 928 455 iustiti
951 397 1041 456 instar
1061 406 1114 456 est.

16 505 21 542 r
126 473 238 533 Romae
254 473 375 552 quidem,
400 492 463 533 cnm
478 474 513 534 ad
528 477 644 554 primam
658 476 760 538 famam
776 478 937 539 valitudinis
953 481 1069 541 attonita
1087 487 1147 542 eto

127 565 237 617 maesta
256 559 356 617 civitas
377 561 522 636 sequentis
537 560 650 620 nuutios
667 563 861 640 opperiretur,
880 571 908 622 et
922 572 1043 642 repente
1059 566 1114 625 iam

126 640 244 718 vesperi
255 643 371 701 incertis
382 643 546 704 auctoribus
558 643 739 704 convaluisse
751 645 863 706 tandem
871 647 1114 726 precrebruisset,

101 725 234 805 spassim
257 743 319 784 cum
343 724 540 787 luminibnset
562 728 683 788 uictimis
704 729 732 786 in
752 727 923 807 Capitolium
944 748 1113 792 concursum

126 817 172 868 est
187 826 221 868 ac
243 827 335 887 paene
358 810 493 871 revolsas
514 813 614 891 templi
629 813 725 889 iores,
747 829 783 871 ne
797 812 864 891 quid
878 816 1030 890 gestientis
1046 825 1114 876 vota

124 892 248 952 reddere
268 902 444 972 moraretur,
468 897 725 974 expergefaetuse
747 913 847 955 somno
869 897 1001 957 Tiberius
1018 908 1113 974 gratu·

124 976 242 1037 lantiam
257 975 378 1037 vocibus
393 987 477 1058 atque
494 980 617 1058 undique
634 981 857 1040 concinentium:

199 1059 298 1121 Soleo
312 1061 423 1140 Romo,
438 1063 530 1124 solua
545 1064 664 1142 patrio,
680 1063 787 1124 soloce
802 1070 848 1124 cst
858 1062 1067 1124 Germanicus.

85 1144 163 1206 roEt
177 1154 207 1204 ut
230 1144 339 1205 demum
362 1146 420 1206 fato
443 1147 568 1207 iunctum
588 1148 681 1226 palam
703 1147 809 1207 factum
835 1156 894 1222 est,
919 1164 977 1206 non
1003 1149 1112 1208 solatiis

122 1229 206 1304 ullis,
228 1246 285 1288 non
300 1227 401 1288 edictis
417 1229 538 1290 inhiberi
558 1232 652 1291 luctus
667 1230 800 1310 publicus
815 1231 923 1310 potuit,
947 1230 1112 1310 duravitque

123 1315 211 1373 etiam
226 1331 279 1390 per
292 1313 385 1373 festos
400 1313 570 1374 Decembris
588 1317 694 1374 mensis
712 1314 783 1374 dies.
826 1312 914 1373 Auxit
928 1312 1051 1393 gloriam
1063 1315 1111 1374 de·

123 1395 316 1474 sideriumque
341 1397 466 1457 defuncti
488 1407 517 1458 et
544 1399 682 1459 atrocitas
707 1399 913 1477 insequentium
942 1405 1110 1476 temporum,

125 1480 235 1539 cunctis
258 1498 314 1538 nec
334 1490 443 1541 temere
464 1482 646 1561 opinantibus
666 1479 829 1543 reverentia
843 1483 904 1542 eius
920 1500 955 1542 ac
973 1491 1048 1540 metu
1065 1501 1110 1542 re·

83 1579 254 1644 repressam
276 1563 372 1624 Tiberi
394 1568 560 1641 saevitiam,
590 1581 663 1644 quae
683 1583 752 1626 mox
773 1567 910 1646 eruperit.
952 1565 1057 1626 Habuit
1082 1567 1141 1629 ini

59 1652 62 1656 '
122 1648 302 1708 matrimonio
318 1647 517 1729 Agrippinam,
532 1649 569 1711 lt.
587 1650 738 1730 Agrippae
754 1659 782 1709 et
795 1650 884 1710 luliae
899 1650 1002 1727 liliam,
1023 1659 1052 1710 et
1073 1668 1110 1710 ex

16 1751 20 1762 ·
122 1750 159 1792 ea
174 1748 278 1791 norem
298 1731 408 1792 liberos
430 1735 506 1794 tulit:
537 1741 655 1813 quorum
675 1734 731 1794 duo
758 1735 881 1794 iniantes
906 1735 998 1795 adhuc
1024 1737 1109 1814 rapti,

122 1833 193 1874 unus
209 1817 263 1875 iam
278 1833 454 1893 puerascens
471 1819 575 1894 insigni
590 1819 756 1892 festivitate,
774 1819 852 1877 cuius
870 1819 997 1896 efigiem
1012 1818 1110 1878 habitu

123 1897 270 1976 Cupidinis
284 1901 312 1958 in
324 1899 396 1960 aede
413 1897 592 1978 Capitolinae
607 1903 731 1962 Veneris
744 1900 824 1961 Livia
841 1900 993 1978 dedicavit,
1010 1899 1109 1978 Augu·

82 2000 112 2042 ao
124 1990 185 2040 stus
196 1983 225 2041 in
241 1982 373 2043 cubiculo
391 1999 443 2042 suo
459 1987 591 2061 positam,
612 1987 802 2064 quotiensque
817 1985 963 2060 introiret,
987 1999 1109 2044 exoscu-

122 2065 248 2135 labatnr;
266 2069 356 2126 ceteri
373 2068 546 2146 superstites
560 2071 633 2147 patri
649 2069 772 2143 fuerunt,
792 2076 851 2125 tres
868 2085 955 2125 sexus
971 2067 1109 2142 feminini,

120 2148 282 2229 Agrippina
294 2149 421 2211 Drusilla
438 2150 551 2227 Liuilla,
575 2152 709 2210 continuo
730 2149 853 2210 triennio
871 2159 968 2219 natae;
993 2149 1110 2209 totidem

120 2251 226 2311 mares,
249 2234 329 2295 Nero
351 2242 380 2294 et
396 2234 507 2294 Drusus
525 2244 553 2294 et
571 2233 604 2296 C.
623 2232 741 2302 Caesar.
770 2232 917 2293 Neronem
937 2243 966 2292 et
988 2233 1110 2293 Drusum

121 2326 237 2378 senatus
253 2319 370 2379 'liberio
388 2321 552 2380 criminante
564 2319 663 2379 hostes
678 2317 820 2378 iudicavit.

84 2415 112 2456 tt
185 2400 217 2462 C.
231 2400 340 2464 Caesar
353 2412 434 2463 natus
451 2411 495 2462 est
507 2403 598 2480 pridie
613 2402 659 2462 lll.
674 2402 754 2481 Sept.
771 2409 853 2480 patre
869 2417 922 2461 suo
938 2411 967 2461 et
986 2400 1018 2462 C.
1033 2401 1108 2462 Fon·
1123 2411 1141 2466 8

119 2486 179 2546 teio
200 2484 341 2565 Capitone
362 2505 438 2546 coss.
471 2487 528 2548 Ubi
551 2495 631 2548 natus
654 2487 705 2562 sit,
727 2487 866 2545 incertum
885 2484 1037 2546 diversitas
1052 2495 1107 2547 tra·

121 2568 245 2630 dentium
260 2571 339 2631 lacit.
370 2569 429 2630 CN.
446 2569 581 2630 Lentulus
602 2570 766 2631 Gaetulicus
780 2569 877 2630 Tiburi
893 2571 1020 2647 genitum
1037 2571 1108 2629 scri·

120 2652 171 2730 bit,
193 2653 301 2714 Plinius
322 2654 471 2714 Secundus
491 2656 519 2712 in
539 2653 693 2730 Treveris,
726 2655 792 2713 vico
817 2652 995 2714 Ambitaruio
1022 2671 1108 2730 supra

122 2734 321 2808 Confluentes;
338 2738 415 2798 addit
431 2740 515 2798 etiam
531 2755 585 2816 pro
603 2747 782 2815 argumento,
799 2755 864 2796 aras
880 2735 919 2796 ibi
938 2736 1051 2796 ostendi
1067 2737 1108 2794 in·

87 2824 261 2900 suscriptas:
278 2821 321 2881 ob
342 2821 577 2902 Agrippinae
603 2823 848 2899 puerperium.
891 2820 1037 2881 Versiculi
1058 2820 1108 2877 im·

16 2971 18 2980 ¹
120 2915 239 2984 perante
254 2923 322 2966 mox
337 2923 373 2966 eo
391 2905 528 2983 divulgati
541 2905 616 2984 apud
631 2905 767 2964 hibernas
778 2904 912 2980 legiones
925 2911 1107 2982 procreatum

119 2990 258 3050 indicant:

243 3078 394 3135 incastris
414 3083 504 3146 natus,
515 3079 618 3148 patriis
631 3079 751 3132 nutritus
770 3078 799 3130 in
819 3078 913 3144 armo,

323 3161 386 3218 lom
407 3163 542 3233 designati
552 3163 691 3232 principes
711 3175 789 3215 omen
805 3163 875 3214 erut.

88 3243 185 3320 seligo
206 3245 235 3302 in
255 3244 328 3303 actis
345 3241 413 3302 Anti
435 3240 540 3300 editum
558 3241 683 3300 invenio.
728 3238 905 3300 Gaetulicum
924 3236 1032 3297 reiellit
1050 3237 1102 3297 Pli-

120 3329 181 3387 nius
204 3328 284 3406 quasi
305 3327 450 3386 mentitum
472 3343 525 3403 per
545 3324 752 3398 adulationem,
772 3331 802 3380 ut
824 3321 859 3381 ad
880 3320 978 3382 landes
994 3322 1105 3380 iuvenis

120 3411 299 3488 gloriosique
314 3409 452 3488 principis
467 3407 574 3487 aliquid
591 3410 674 3468 etiam
691 3424 728 3466 ex
742 3405 813 3465 urbe
828 3404 946 3466 Herculi
960 3423 1043 3464 sacra
1058 3421 1104 3463 su·
1216 3429 1217 3476 3

120 3503 218 3571 meret,
235 3494 408 3573 abusumque
420 3491 568 3553 audentius
584 3490 743 3568 mendacio,
761 3488 836 3570 quod
854 3499 918 3550 ante
929 3507 1030 3550 annum
1041 3486 1104 3546 fere
