2466 3896
94 209 154 269 174
185 219 214 268 c.
232 221 382 270 sacroru
397 222 524 282 annua.
541 223 588 270 oe
604 224 687 271 v1us
703 222 886 272 cassanum
901 225 969 271 nur.
983 226 1030 274 vr.

57 388 76 444 9
156 376 246 437 Orsus
260 377 359 438 hinca
381 378 497 457 pietatis
521 381 729 456 ostentatione,
762 377 908 440 Claudium
927 382 1085 458 apparatis·

91 464 163 524 simo
179 462 281 521 funere
303 461 407 521 elatum
429 461 554 522 laudavit
574 472 602 522 et
625 467 815 524 consecravit.
854 463 1011 524 Memoriae
1027 462 1085 524 Do·
1106 457 1134 492 '“
1155 477 1172 484 ·’

90 547 160 606 mitti
178 546 268 624 patris
282 545 410 605 honores
425 547 563 606 maximos
582 546 690 606 babuit.
712 547 796 607 Matri
810 565 945 607 summam
963 549 1087 608 omnium
1229 557 1231 559 ’

90 648 185 691 rerum
202 632 374 708 privatarum
390 628 626 709 publicarumque
647 633 786 710 permisit.
823 630 917 692 Primo
935 633 1020 692 etiam
1037 633 1086 691 im·
1185 645 1194 666 ··

91 717 164 795 perii
182 714 227 775 die
243 716 355 792 signum
373 713 526 774 excubanti
544 714 657 774 tribuno
679 714 757 774 dedit
779 712 931 793 Optimam
945 721 1112 794 metretas

90 818 125 860 ac
141 798 281 877 deinceps
296 799 424 859 eiusdem
440 815 530 876 saepe
544 798 651 858 lectica
666 818 720 878 per
732 799 877 878 publicum
889 800 972 862 simul
985 809 1088 860 vectus

90 893 144 944 est.
178 883 294 942 Antium
319 882 463 943 coloniam
485 881 617 959 deduxit,
643 885 777 962 ascriptis
801 887 980 944 veteranise
1003 903 1086 963 prae·

89 969 166 1028 torio
184 966 344 1047 additisque
360 985 414 1046 per
436 965 571 1027 domicilii
589 967 805 1028 translationem
827 967 971 1028 ditissimis
992 969 1086 1047 primi·
1185 951 1223 1036 J

90 1052 221 1132 pilarium
231 1049 302 1120 ;'ubi
318 1060 347 1110 et
364 1059 478 1130 portum
494 1052 593 1129 operis
608 1053 847 1130 sumptuosissimi
863 1053 942 1112 lecit.
1178 1043 1183 1058 ’

46 1147 81 1200 10
153 1134 248 1214 Atque
262 1144 292 1194 ut
303 1136 457 1195 certiorem
469 1133 561 1195 adbuc
573 1134 698 1195 indolem
710 1135 892 1214 ostenderet,
905 1154 945 1197 ec
956 1134 1087 1216 Augusti
1097 1151 1121 1192 aa

87 1220 286 1300 praescripto
307 1221 509 1298 imperaturum
530 1237 563 1278 se
591 1219 757 1298 professus,
785 1238 880 1299 neque
905 1220 1086 1280 liberalitatis

88 1323 183 1384 neque
200 1305 386 1380 clementiae,
403 1321 440 1363 ne
457 1304 599 1363 comitatis
615 1303 728 1382 quidem
744 1303 924 1365 exhibendae
939 1305 1025 1364 ullam
1037 1323 1085 1364 oc·
1224 1376 1229 1385 Ι

89 1391 235 1449 oasionem
251 1389 355 1448 omisit.
386 1386 525 1448 Graviora
540 1389 697 1464 vectigalia
712 1397 758 1448 aut
774 1389 903 1449 abolevit
916 1397 963 1449 aut
977 1390 1123 1448 minuit-t,
1148 1423 1153 1429 -

87 1474 216 1534 Praemia
232 1473 391 1532 delatorum
407 1471 514 1551 Papiae
531 1471 606 1549 legis
622 1472 657 1532 ad
673 1481 790 1553 quartas
804 1472 936 1554 redegit„
978 1472 1084 1532 Divisis
1126 1469 1162 1502 ²¹⁶

88 1557 199 1638 populo
218 1557 322 1616 viritim
341 1555 545 1636 quadringenis
563 1558 698 1633 nummis,
720 1567 883 1624 senatorum
905 1556 1083 1616 nobilissimo
1097 1577 1120 1616 u
1183 1555 1215 1614 ³.

50 1676 54 1682 ·
89 1644 209 1719 cuique,
236 1640 288 1700 sed
305 1658 365 1701 are
383 1640 514 1700 familiari
531 1638 666 1700 destituto
681 1659 773 1701 annua
788 1642 909 1717 salaria,
926 1651 955 1700 et
971 1639 1084 1719 quibus·

88 1725 152 1786 dam
170 1725 330 1803 quingena,
356 1725 517 1801 constituit,
539 1725 606 1784 item
629 1726 819 1804 praetorianis
841 1724 1008 1785 cohortibus
1027 1725 1084 1784 iru-

87 1819 211 1869 mentum
233 1817 407 1868 menstruum
427 1809 589 1886 gratuitum.
634 1808 672 1868 Et
691 1827 753 1868 cum
770 1807 805 1868 de
830 1809 975 1888 supplicio
992 1810 1084 1868 cuius·
1180 1824 1212 1866 J.

86 1893 151 1954 dam
170 1895 265 1970 capite
287 1891 408 1953 damnati
430 1902 458 1952 ut
480 1911 517 1951 ex
537 1909 618 1952 more
644 1892 841 1976 subscriberet
866 1893 1114 1984 admoneretur&

88 1976 188 2051 Quam
208 1976 332 2054 cellam,
352 1977 457 2056 inquit,
475 1974 868 2054 nescirelittcrcstllmuis
885 1978 1003 2037 ordines
1018 1975 1119 2036 sub-ac

86 2061 153 2122 inde
175 2081 210 2122 ac
232 2064 398 2121 memoriter
413 2060 556 2121 salutavit.
586 2061 694 2138 Agenti
711 2057 821 2122 senatui
836 2064 945 2138 gratias
964 2079 1083 2139 respon-

87 2147 143 2228 dit:
170 2145 246 2208 Cum
265 2139 417 2208 meruero.
447 2144 494 2204 Ad
516 2154 695 2223 campestres
713 2146 937 2206 exercitationes
952 2163 1019 2205 suas
1036 2143 1084 2204 ad·

85 2232 161 2290 misit
176 2241 206 2291 et
222 2230 354 2309 plebem,
378 2229 606 2308 declamauitque
625 2232 742 2308 saepius
758 2229 889 2308 publice:
909 2229 1042 2290 recitavit
1057 2236 1086 2286 et

87 2317 229 2391 carmina,
246 2333 303 2374 non
319 2314 404 2375 modo
421 2313 497 2374 domi
512 2314 564 2374 sed
586 2321 615 2373 et
637 2314 664 2372 in
689 2314 818 2390 theatro,
843 2321 920 2373 tanta
935 2314 1084 2372 universo·
1164 2327 1179 2357 0

85 2416 147 2457 rum
160 2398 285 2474 laetitia,
301 2408 330 2459 ut
342 2398 379 2459 ob
395 2399 593 2459 recitationem
608 2397 782 2477 supplicatio
795 2397 912 2457 decreta
924 2398 976 2473 sit,
990 2413 1084 2474 eaque
1093 2413 1119 2455 aa

85 2500 155 2562 pars
172 2483 327 2541 carminum
342 2483 438 2542 aureis
456 2482 559 2542 litteris
574 2481 637 2541 lovi
654 2480 817 2560 Capitolino
834 2481 937 2542 dicata.

44 2573 76 2627 ll
150 2565 388 2644 Spectaculorum
404 2566 526 2644 plurima
542 2575 569 2625 et
584 2569 662 2626 varia
678 2583 788 2642 genera
803 2565 905 2626 edidit:
925 2563 1084 2641 iuvenales,

20 2653 23 2659 '
86 2652 252 2725 circenses,
275 2651 409 2710 scenicos
427 2649 527 2726 ludos,
549 2649 750 2726 gladiatorium
764 2668 872 2709 munus.
900 2647 1084 2709 Iuvenalibus
1184 2586 1227 2704 s

85 2751 172 2796 senes
187 2751 303 2814 quoque
319 2734 488 2794 consulares
505 2751 633 2811 anusque
645 2744 790 2794 matronas
805 2736 918 2813 recepit
932 2733 967 2793 ad
983 2734 1084 2792 lusum.

86 2817 272 2880 Circensibus
290 2818 357 2878 loca
375 2818 463 2897 equiti
478 2827 591 2878 secreta
606 2835 622 2878 a
639 2819 744 2878 ceteris
763 2817 868 2895 tribuit,
886 2820 1120 2896 commisitqueao

85 2901 361 2964 etiam'camelorum
380 2902 544 2982 quadrigas.
581 2900 677 2978 Ludis,
694 2919 768 2980 quos
785 2919 839 2982 pro
852 2903 1023 2962 aeternitate
1036 2904 1084 2958 im·
1162 2957 1166 2968 ,
1221 2917 1226 2926 ·

84 2989 158 3068 perii
171 2996 325 3066 susceptos
338 2985 481 3066 appellari
497 2987 673 3046 maximos
685 2986 785 3063 voluit,
800 3005 837 3046 ex
850 2995 970 3064 utroque
985 2984 1085 3046 ordine

85 3082 114 3132 et
141 3091 212 3132 sexu
242 3072 375 3152 plerique
402 3069 528 3130 ludicras
560 3079 658 3148 partes
685 3069 1085 3138 sustinuerunt;·notissimus
1222 3061 1231 3132 i

85 3172 175 3232 eques
189 3157 224 3215 ll.
242 3155 400 3234 elephanto
418 3155 605 3234 supersidens
622 3171 676 3232 per
691 3154 883 3215 catadromum
905 3152 1084 3218 decucurrit;
1195 3177 1202 3202 ι

85 3235 198 3296 inducta
214 3237 314 3300 Airani
335 3249 445 3317 togata,
462 3258 536 3318 quae
551 3237 766 3298 Incendium
778 3237 951 3314 inscribitur,
964 3253 1119 3298 conces-as
1228 3208 1231 3302 l

84 3334 205 3395 sumque
220 3329 251 3379 ut
266 3324 393 3382 scaenici
416 3323 542 3384 arderttis
568 3322 668 3382 domus
691 3322 904 3401 supellectilem
926 3320 1085 3400 diriperent

84 3419 118 3462 ac
142 3399 197 3458 sibi
216 3400 371 3474 haberent;
388 3425 490 3484 sparsa
514 3415 542 3466 et
564 3405 673 3484 populo
698 3407 820 3466 missilia
842 3406 964 3465 omnium
987 3419 1083 3464 rerum
1130 3445 1153 3478 ⁶
1196 3397 1231 3449 f*

83 3502 138 3564 per
153 3500 253 3543 omnes
270 3484 348 3547 dies:
362 3489 474 3566 singula
488 3489 593 3549 cotidie
609 3489 687 3550 milia
700 3492 792 3550 avium
807 3491 942 3566 cuiusque
954 3489 1082 3565 generis,
1152 3442 1231 3526 Α

1205 2178 1229 2242 'a
