2450 3910
493 245 663 294 oanan
1016 231 1076 294 205

83 401 219 461 librarum
240 400 401 481 quindecim
422 401 577 460 conflasset
594 419 629 461 ac
648 411 707 461 tres
725 403 836 480 uncias,
864 419 937 480 quae
955 401 1077 480 ponderi
1123 403 1169 464 ts

83 472 218 563 deerant,
226 485 359 545 iussisset
371 486 459 563 exigi
484 485 528 544 Ea
543 485 619 546 lama
637 494 666 545 et
684 487 850 546 confirmata
868 495 897 545 et
915 493 998 545 aucta
1020 495 1074 564 est,

83 579 112 629 ut
125 570 246 650 primum
257 569 379 646 urbem
370 571 488 629 rntroiit.
511 567 583 648 Nam
596 587 658 628 cum
670 568 838 630 classiarios
839 587 934 649 ,quos
946 569 1026 630 Nero
1040 587 1077 629 ex
1128 499 1172 622 ‘tl'

83 653 242 731 remigibus
259 656 351 714 iustos
368 652 473 714 milites
489 653 618 730 lecerat,
637 652 733 712 redire
752 652 787 712 nd
807 655 954 732 pristinum
974 663 1076 735 statum
1128 657 1176 708 ιι

58 759 70 797 s
85 746 217 816 cogeret
230 739 392 798 recusantis
408 746 494 817 atque
507 739 626 817 insuper
641 737 763 815 aquilam
773 739 891 814 etsigna
901 740 1076 816 pertinacius
1130 747 1153 792 ι’
1163 740 1177 794 ι

82 823 237 899 flagitantis
250 839 306 882 non
318 822 426 882 modo
417 823 535 881 rnmisso
550 824 645 900 equite
660 821 785 895 disiecit,
799 822 850 880 sed
865 821 1016 882 decimavit
1026 825 1076 883 eti·
1134 827 1181 879 ιιι

15 925 37 982 *a
82 900 155 986 em!
162 905 233 967 ltem
252 906 457 968 Germanorum
471 902 836 966 cobortemaCaesarrbus
849 905 916 964 obm
928 904 964 964 ad
981 917 1076 966 custo·
1095 923 1209 990 ...ste

22 975 158 1052 &diam
171 993 304 1070 corporis
316 991 471 1053 institutam
482 990 635 1069 multisque
647 989 853 1088 experimentis
871 988 1075 1068 fidelissimam,
1118 1002 1160 1060 ιι*
1179 981 1200 1060 l

15 1097 39 1131 ιι
85 1075 218 1137 dissolvit
229 1094 264 1135 ac
280 1077 342 1134 sine
356 1074 507 1134 commodo
520 1075 580 1135 ullo
598 1075 709 1133 remisit
727 1074 754 1131 in
768 1075 905 1151 patriam,
922 1091 1002 1151 quasr
996 1073 1075 1133 GN

15 1175 73 1220 eso
84 1159 266 1237 Dolabellae,
282 1160 360 1218 iuxta
374 1160 453 1218 cuius
463 1159 565 1218 hortos
580 1156 726 1234 tendebat,
738 1158 914 1234 proniorem.
947 1156 1075 1238 illaque·

15 1263 42 1306 c
83 1261 140 1324 que
152 1261 261 1304 verene
280 1260 316 1301 an
331 1240 407 1302 falso
421 1261 475 1321 per
492 1242 642 1310 ludibrium
661 1240 841 1301 laetabantur
849 1241 1006 1320 ,adposita
1018 1229 1131 1300 lau-⁶¹

27 1329 158 1394 atione
170 1344 259 1388 caena
271 1327 447 1402 ingemuisse
460 1343 541 1396 eurrr;
556 1335 584 1386 et
599 1321 743 1388 ordinarid
757 1325 870 1403 quidem
884 1321 1083 1403 dispensatori

15 1421 45 1474 ιι
83 1408 1077 1488 breviariumrationumofferentiparopsidemleguminisprosedu-

15 1497 47 1552 ιι
82 1497 166 1557 litate
178 1513 213 1554 ac
225 1493 374 1571 diligentia
386 1495 568 1572 porrexisse,
578 1492 658 1554 Cano
671 1503 764 1576 autem
773 1477 1084 1576 choraulaemireplafl

15 1593 74 1634 -ιιι
85 1580 161 1641 centi
173 1578 307 1638 denarios
320 1579 445 1657 quinque
458 1577 592 1656 donasse,
605 1579 738 1658 prolatos
750 1595 832 1640 manu
844 1598 895 1640 sua
915 1596 931 1638 e
949 1579 1076 1658 peculia-

20 1675 36 1724 t
83 1661 363 1724 ribusloculissuis.

15 1737 48 1838 lp
147 1747 242 1822 Quare
256 1746 431 1807 adventus
405 1766 466 1808 erus
474 1747 836 1828 nonperrndegratuslurt
848 1746 936 1825 idque
943 1748 1120 1826 proximolt

15 1847 40 1890 ι
85 1830 255 1910 spectaculo
268 1834 408 1909 apparuit
432 1832 578 1911 Siquidem
591 1831 733 1892 Atellanrs
745 1831 923 1891 notissimum
936 1834 1076 1891 canticum

15 1911 53 1976 its
85 1915 214 1976 exorsis:
239 1911 326 1974 Venit
346 1911 507 1976 Onesimus
529 1933 549 1975 e
569 1916 663 1990 cille,
687 1915 782 1974 cuncti
798 1914 880 1973 simul
895 1924 1077 2014 spectatores

15 2013 73 2064 *rao
85 1999 366 2060 consentientevoce
379 1998 519 2076 reliquam
532 2008 642 2077 partem
652 1999 811 2058 retulerunt
822 1999 981 2076 acsaepins
990 2018 1077 2058 versu

15 2099 41 2151 ·3
83 2084 209 2161 repetito
220 2091 351 2159 egerunt.
370 2081 481 2142 Maiore
494 2083 568 2143 adeo
582 2093 611 2142 et
621 2083 724 2142 lavore
737 2091 766 2141 et
778 2084 947 2141 auctoritate
955 2081 1076 2162 adeptus
1086 2091 1120 2143 14

15 2183 26 2228 ι
84 2176 130 2227 est
143 2185 226 2246 quam
237 2167 330 2242 gessit
337 2167 497 2245 imperium,
511 2183 680 2246 quamquam
689 2165 775 2225 multa
785 2164 956 2225 documenta
964 2167 1077 2244 egregii

83 2251 225 2331 principis
237 2249 331 2320 daret;
350 2250 402 2310 sed
414 2268 593 2331 nequaquam
604 2259 660 2310 tam
671 2259 754 2328 grata
766 2258 863 2327 erant,
881 2267 963 2328 quam
984 2251 1077 2310 invisa

84 2335 382 2414 quaesecustierent.

15 2419 73 2494 {ges
143 2418 311 2497 Regebatur
322 2421 405 2478 trium
417 2419 547 2497 arbitrio,
562 2435 635 2497 quos
646 2437 700 2479 una
713 2427 742 2479 et
752 2420 825 2479 intra
838 2417 976 2480 Palatium
998 2417 1076 2482 babi-

15 2511 48 2562 τι
84 2504 169 2562 tantis
182 2521 236 2562 nee
252 2521 382 2582 umquam
395 2521 453 2563 non
472 2502 655 2563 adhaerentis
674 2503 867 2582 paedagogos
884 2503 972 2581 vulgo
988 2521 1076 2565 noca·

15 2601 51 2646 :a
83 2587 162 2646 bant.
177 2586 200 2646 li
213 2595 293 2647 erant
302 2587 335 2646 Τ.
344 2588 446 2647 Vinius
459 2588 573 2665 legatus
585 2589 648 2647 eius
660 2587 843 2667 inHispanie,
853 2587 1015 2666 cupiditatis
1027 2590 1076 2647 im-

15 2687 46 2754 tp
82 2689 214 2739 mensam
239 2669 393 2732 Cornelius
409 2670 486 2732 Laco
507 2690 545 2732 ex
563 2688 715 2732 assessore
737 2673 905 2750 praelectus
927 2673 1076 2750 praetorii,

15 2772 42 2827 *3
84 2756 249 2832 arrogantia
274 2754 468 2833 socordiaque
493 2755 698 2825 intolerabilis;
724 2755 844 2815 libertus
861 2756 967 2832 lcelus,
989 2755 1075 2834 paulo

15 2864 74 2920 '0³⁰
87 2847 151 2898 ante
167 2839 259 2898 anulis
272 2841 364 2900 aureis
375 2847 403 2898 et
414 2837 550 2901 Marciani
563 2841 735 2918 cognomine
750 2849 867 2899 ornatus
879 2858 915 2899 ac
930 2842 984 2898 iarn
1003 2857 1076 2899 sum·

15 2965 17 2972 ·
26 2953 51 2998 ;,1
83 2941 147 2982 mae
159 2925 303 3002 equestris
315 2923 422 3001 gradus
435 2923 610 2984 candidatus.
635 2924 686 2984 His
698 2924 814 2984 diverso
826 2924 959 2982 vitiorum
967 2939 1076 2999 genere

15 3017 51 3078 tn·
84 3007 282 3084 grassantibus
290 3008 363 3067 adeo
378 3027 411 3067 se
423 3008 593 3068 abutendum
605 3009 735 3088 permisit
746 3018 774 3068 et
784 3007 910 3084 tradidit,
923 3016 952 3066 nt
963 3010 1012 3066 vix
1021 3005 1076 3066 sibi

15 3105 57 3200 pp
82 3093 149 3168 ipse
162 3101 318 3169 constaret,
331 3091 417 3153 modo
430 3092 565 3153 acerbior
577 3094 761 3171 pnrciorque,
772 3091 858 3151 modo
876 3092 1024 3152 remissior
1041 3109 1077 3151 ac

15 3175 283 3252 t-neglegentior
315 3180 590 3256 quam'ccnveniret
618 3177 743 3255 principi
772 3176 868 3236 electo
896 3175 980 3255 atque
1005 3175 1075 3237 illud

46 3259 196 3322 etaetatis.

15 3257 54 3362 7
147 3343 293 3418 Quosdam
308 3345 405 3406 claros
418 3363 456 3404 ex
467 3355 590 3424 unoque
601 3344 701 3406 ordine
718 3344 798 3404 viros
811 3346 979 3424 suspicione
995 3347 1073 3425 mini-

15 3437 54 3572 p.
83 3426 282 3488 mainauditos
296 3428 505 3489 condemnavit.
529 3427 724 3490 Civitatemll.
737 3447 803 3492 raro
816 3429 927 3508 dedit,'
920 3419 1074 3492 ruratrium

15 3523 51 3594 Lo
64 3589 67 3594 Ι
83 3508 279 3570 liberorum
251 3531 300 3571 vrx
310 3513 357 3572 uni
369 3521 454 3592 atque
467 3513 565 3592 alteri,
577 3532 612 3575 ac
624 3533 660 3574 ne
673 3515 697 3574 is
709 3514 822 3593 quidem
843 3517 897 3577 nisi
914 3515 948 3576 ad
967 3525 1075 3577 certum

15 3601 36 3637 t:
68 3619 73 3626 ·
