2466 3896
157 379 267 454 floruit,
294 387 324 438 ιι
352 389 497 440 emanaret
518 382 546 439 in
571 379 688 458 vulgus,
717 381 820 442 missos
848 381 1036 443 amessatina
1061 401 1153 444 uxore

158 424 284 539 Claudii,
306 465 353 542 qui
381 482 444 523 eum
469 465 680 542 meridiantem,
708 467 789 544 quasi
816 465 972 527 Britannici
1003 468 1152 545 aemulum,

158 546 379 623 strangularent.
404 548 539 609 Additum
553 549 678 625 iabulae,
691 558 719 608 at
733 549 852 609 eosdem
867 551 993 611 dracone
1007 552 1217 680 epulvinonlp
1231 608 1233 615 ,

48 642 61 662 ’·
158 651 191 692 ιι
207 631 376 731 proferente
393 635 566 694 conterritos
587 595 743 710 refugisse.
767 635 879 709 Quaei
865 635 962 695 iabula
978 647 1081 696 exorta
1095 643 1194 713 est
1216 686 1218 694 s

136 717 337 794 sdeprensis'
329 734 358 775 m
376 717 453 776 lecto
472 720 533 778 eius
549 719 657 778 circum
681 718 837 777 cervicalia
858 721 1002 798 serpentis
1024 723 1151 790 exuviis;

159 817 229 880 quas
246 809 340 860 tamen
356 819 460 861 aureae
476 803 605 863 armillae
621 820 659 861 ex
669 801 816 861 voluntate
828 806 926 864 matris
942 803 1067 866 inclusas
1083 805 1151 864 dex·

158 894 203 945 tro
218 884 335 944 brachio
357 887 482 962 gestavit
503 885 679 967 aliquandiu,
703 903 738 946 ao
760 885 854 946 taedio
875 887 989 947 taudem
1005 898 1151 949 maternae

1 967 23 998 ‘⁸
49 1013 65 1046 2
157 971 311 1029 memoriae
326 969 432 1030 abiecit
437 989 619 1051 ,rursusque
634 971 770 1030 extremis
792 971 851 1030 suis
874 971 962 1031 rebus
978 971 1085 1032 frustra
1106 991 1151 1032 re·

1 1063 3 1082 '
159 1055 753 1133 quisiit.(.1
761 1085 812 1118 ιι
824 1088 844 1113 ιι

105 1155 150 1197 ιι
222 1138 317 1198 Τιιιι
344 1138 436 1199 adbuc
461 1139 582 1200 necdum
602 1149 711 1201 matura
732 1140 853 1218 pueritia
881 1139 1058 1199 circensibus
1079 1140 1178 1202 ludis?

159 1223 273 1283 Troiam
289 1223 518 1283 constantissime
534 1223 790 1303 favorabiliterque
805 1224 880 1283 lusit.
904 1223 1063 1294 Undecimo
1076 1234 1185 1284 aeta·
1218 1262 1221 1273 ι

159 1309 195 1367 tis
219 1323 293 1366 anno
317 1325 333 1366 a
360 1305 480 1366 Claudio
502 1307 653 1386 adoptatus
675 1317 719 1368 est
740 1307 920 1386 Annaeoque
947 1308 1107 1368 Senecae
1098 1327 1153 1368 ram

11 1369 118 1470 ,512³
159 1401 225 1450 tunc
238 1391 384 1450 senatori'
376 1409 404 1449 un
414 1390 592 1470 disciplinam
600 1391 728 1453 traditus
741 1392 849 1453 Ferunt
851 1393 1153 1491 ,Sepecamproxima

28 1490 29 1496 ¹
159 1482 245 1534 nocte
261 1492 353 1533 msum
368 1475 422 1534 subu
438 1493 491 1554 per
503 1475 672 1555 quietemc
690 1475 807 1538 Caesam
823 1493 1008 1556 praecipere
1025 1485 1054 1535 et
1069 1477 1153 1536 iidem
1178 1493 1217 1541 ιι

125 1579 150 1620 ιι
161 1560 271 1618 somnio
286 1557 365 1618 Nero
383 1559 466 1619 brevi
481 1560 566 1637 iecit,
591 1561 702 1641 prodita
723 1561 895 1621 immanitate
914 1569 1032 1621 naturae
1050 1560 1153 1639 quibus

161 1645 279 1722 primum
301 1644 393 1722 potuit
413 1642 627 1722 experimentis.
658 1643 788 1724 Namque
810 1644 1001 1704 Britannicum
1026 1645 1152 1722 fratrem,

160 1727 237 1806 quod
249 1745 281 1785 se
293 1735 360 1805 post
370 1727 552 1807 adoptionem
564 1728 826 1790 Aenobarbum
841 1747 878 1788 ex
891 1729 1096 1789 consuetudine
1108 1745 1168 1790 sa·

1 1824 2 1840 ¹
46 1843 54 1864 ·.
159 1812 293 1888 lutasset,
320 1820 350 1871 ιι
375 1812 547 1873 subditivum
571 1813 647 1893 apud
676 1818 786 1892 patrem
807 1831 931 1890 arguere
956 1823 1076 1874 conatus
1098 1823 1152 1872 ιιι.

159 1894 282 1954 Amitam
296 1904 389 1955 autem
402 1896 538 1975 Lepidam
552 1917 631 1958 ream
646 1899 809 1956 testimonio
833 1915 931 1958 coram
953 1899 1069 1975 aidinit,
1088 1915 1153 1974 gra

132 1981 275 2043 aotiiioaos
289 1981 386 2057 matri,
402 1997 418 2040 a
436 1998 490 2058 qua
506 1999 556 2040 rea
573 1981 765 2060 premebatur.

223 2062 395 2122 Deductus
386 2082 414 2122 m
428 2064 523 2124 forum
537 2065 593 2123 tiro
614 2064 725 2144 populo
748 2064 939 2142 congiariffum
962 2065 1042 2124 militi
1063 2063 1152 2123 dona

1 2161 113 2234 *poti
126 2149 247 2210 tticum
264 2148 432 2226 proposuit,
454 2148 618 2226 indictaque
640 2148 812 2208 decursione
829 2150 1021 2226 praetorianis
1042 2156 1153 2208 scutum

161 2250 212 2291 sua
227 2249 309 2290 maun
327 2230 475 2310 praetulit;
502 2234 568 2292 exin
589 2233 662 2311 patri
677 2233 786 2309 gratias
803 2234 831 2290 in
847 2241 949 2292 senatu
965 2233 1036 2310 egit.
1067 2230 1155 2310 Apud

161 2315 281 2375 eundem
297 2316 446 2376 consulem
463 2334 516 2396 pro
530 2316 759 2378 Bononiensibus
774 2316 889 2394 Latine,
914 2334 967 2396 pro
982 2314 1092 2376 Rhodis
1113 2325 1153 2376 at-

125 2415 218 2478 asque
237 2399 389 2470 Iliensibus
413 2400 524 2462 Graece
545 2400 636 2462 verba
658 2401 738 2461 iecit.
770 2401 944 2480 Auspicatus
966 2408 1010 2460 est
1033 2409 1062 2460 et
1083 2401 1153 2463 iuris

162 2483 314 2544 dictionem
330 2485 497 2564 praefectus
511 2485 574 2545 urbi
592 2501 676 2546 sacro
691 2485 865 2563 Latinarum,
890 2485 1087 2545 celeberrimis
1104 2503 1152 2562 pa·

31 1544 55 1588 at,

30 2637 37 2654 κ
161 2567 252 2627 tronis
267 2585 323 2627 non
341 2569 498 2630 tralaticias
513 2579 543 2629 ut
559 2570 668 2630 assolet
683 2577 711 2630 et
730 2570 843 2646 brevis,
867 2569 919 2630 sed
934 2569 1071 2629 maximas
1090 2567 1152 2646 plu-

40 2659 57 2698 2
160 2653 305 2730 rimasque
322 2653 531 2729 postulationes
548 2655 677 2716 certatim
693 2653 905 2733 ingerentibus,
923 2655 1053 2733 quamvis
1065 2655 1152 2711 inter·

162 2734 265 2795 dictum
283 2755 298 2794 a
317 2735 437 2797 Claudio
456 2747 544 2798 esset.
572 2737 636 2797 Nec
650 2738 738 2798 multo
757 2743 825 2816 post
840 2737 918 2798 duxit
932 2755 1053 2798 uxorem
1070 2735 1153 2796 Octa·

127 2821 251 2895 soriam,
270 2819 415 2898 ediditque
434 2840 488 2900 pro
506 2821 607 2883 Claudi
624 2822 716 2882 salute
737 2825 885 2882 circenses
911 2831 939 2882 et
961 2821 1152 2880 venationem.
1216 2871 1220 2874 .

193 2967 195 2973 g
224 2904 435 2982 Septemdecim
455 2915 538 2966 natus
560 2923 665 2983 annos,
695 2915 724 2966 ut
744 2905 779 2966 de
796 2904 915 2966 Claudio
939 2905 1033 2984 palam
1050 2903 1187 2968 iactum&

160 2997 222 3066 est,
236 2990 311 3048 inter
325 2989 425 3050 boram
442 3000 551 3050 sextam
568 2991 774 3069 septimamque
791 2991 937 3068 processit
953 2989 989 3050 ad
1006 2986 1167 3048 excubito-

160 3087 224 3150 res,
241 3091 304 3132 cum
320 3073 356 3132 ob
374 3077 461 3134 totius
478 3075 534 3134 diei
549 3074 689 3136 diritatem
701 3092 758 3134 nou
774 3073 850 3134 aliud
864 3071 1030 3152 auspicandi
1042 3081 1155 3149 tempus

0 3163 1 3166 ’
35 3169 45 3202 ⁵
152 3157 404 3218 accommodatius
421 3158 580 3228 videretur;
607 3176 719 3238 proque
737 3158 827 3218 Palati
848 3157 1155 3236 gradibusimpcrator
1210 3191 1212 3196 -

126 3259 152 3301 ιι
162 3241 371 3320 consalutatus,
394 3242 523 3304 lectica
514 3262 543 3302 m
560 3253 654 3303 castra
669 3251 698 3303 et
710 3241 775 3301 inde
791 3244 895 3342 raptim
911 3239 1072 3339 appellatis
1083 3239 1153 3299 mili-

160 3323 261 3386 tibus
251 3345 280 3385 ιι
297 3329 402 3388 curiam
419 3328 536 3388 delatus
547 3337 593 3387 est
598 3327 841 3404 ,discessitque'
833 3345 888 3387 ram
904 3325 1036 3404 vesperi,
1052 3341 1090 3384 ex
1104 3323 1152 3384 im

0 3414 10 3477 ι
83 3440 105 3472 ι
160 3411 283 3488 mensis,
302 3411 404 3490 quibos
420 3412 628 3484 cumulabatur,
644 3411 802 3476 honoribus
817 3420 923 3472 tantum
938 3411 1027 3490 patris
1042 3409 1154 3488 patriae

53 3480 86 3534 N
161 3497 276 3556 nomine
293 3503 428 3556 recusato
445 3506 566 3575 propter
582 3485 714 3556 aetatem.

132 3667 302 3740 (walum
319 3724 331 3743 Α
344 3732 350 3741 ,
396 3709 398 3716 ’
