2392 3926
81 225 84 232 ¹
152 253 213 314 302
425 265 455 311 c.
478 235 641 314 sunnonn'
662 263 873 323 nnnnounnnn

219 422 320 471 Praeter
337 419 385 470 hos
402 419 488 470 decem
506 421 592 471 titulos
610 421 678 486 apud
696 419 800 470 Snidnm
815 419 961 469 coniunctos
978 418 1005 469 hi
1025 418 1085 470 iere
1099 417 1160 471 iibri

152 489 298 542 Suetoniani
311 490 452 538 enumerari
463 503 540 556 posse
551 491 681 539 videntur:

211 569 260 630 XI.
306 566 363 648 [01
382 562 484 632 κοίλαν
502 565 611 632 Λυδοὶ
636 561 900 671 δοειργοίσαντο]
918 565 973 633 καὶ
995 563 1081 645 τούς
1097 595 1162 635 κα

150 649 335 756 λονμένονς
349 645 518 726 σοὶνὸνκας
531 651 677 734 (χιτῶνος
694 636 766 717 δὲ
744 664 831 755 ησαν
845 645 900 716 ὑπ’
916 645 1028 717 αὐτοῖν
1051 646 1158 738 εὑρη-

150 733 260 832 μένοι,
276 735 378 798 tomo
392 731 454 836 μὲν
470 735 505 800 οἱ
516 733 743 838 ornumornum,
753 732 923 812 σάνδνκος
937 732 973 800 δὲ
985 739 1084 838 χυλῷ
1100 741 1174 820 κῆρε

149 814 305 920 βοτάνης
309 815 577 921 καταβᾴκτοννες
602 811 758 894 αὐτούς
754 813 965 906 σαρκοειὸὴς
979 814 1049 885 δὲ
1033 845 1051 886 ο
1069 821 1158 904 χρὼς

149 902 207 986 τῆς
223 898 382 1005 βοτάνης)
391 895 451 978 οὓς
465 903 502 967 αἱ
513 914 670 1004 γυναῖκες
682 903 749 967 τῶν
758 903 882 968 Λυδῶν
893 904 1011 986 γυμνοὶ
1025 906 1075 970 τῶ
1089 905 1157 970 σώ-

151 1009 228 1070 ματι
253 979 501 1065 ἐποσκοοὶζονσαι
519 979 621 1051 οὐδὲν
648 982 710 1070 μὲν
735 981 878 1052 ἐδόκουν
904 987 1025 1087 ηαέρα
1043 1013 1158 1072 μονον

151 1076 376 1155 περικεῖσθαι,
397 1068 511 1142 κάλλει
539 1066 577 1135 δε
601 1071 661 1148 ἔξω
686 1071 747 1135 τοο)
766 1071 873 1136 καλοῦ
888 1069 949 1136 καὶ
975 1069 1158 1154 σώφρονος

152 1156 345 1240 ἐφείλκοντο
360 1178 438 1230 τονς
453 1153 656 1258 θεωμένους.
693 1150 841 1242 Τοιούτῳ
853 1147 913 1220 τὸν
922 1149 1091 1236 Ηρακλέα
1105 1182 1183 1240 pgr-u

151 1241 231 1305 noim
245 1239 473 1339 περιβαλοῦσα
483 1233 632 1322 Ὀμφάλη
648 1233 780 1304 morini
744 1220 886 1322 αἰσχρῶς
901 1238 1029 1341 ἐρωντα
1047 1263 1158 1342 παρε-

148 1321 295 1427 θήλννε·
331 1318 434 1427 ταύτῃ
456 1321 512 1389 καὶ
538 1316 683 1387 nanneto
701 1314 867 1406 Ηρακλῆς
891 1314 1138 1408 ανηνέχθη,“
1114 1349 1157 1400 ως

146 1399 378 1514 ’Anovtoitos‘
362 1431 380 1472 ο
379 1400 554 1515 Populos
575 1401 779 1506 φιλοσοφος
781 1405 818 1498 ἐν
835 1431 880 1509 τςο
867 1406 1156 1505 ἐπιγραφομένῳ

35 1543 38 1548 .
146 1486 309 1589 Ἐρωτικῷ
334 1489 390 1556 καὶ
419 1487 633 1592 Τραγκνλλος
662 1487 699 1554 δὲ
706 1483 783 1591 πρὸ
799 1473 909 1555 αὐτοῦ
933 1490 969 1555 ἐν
990 1491 1037 1556 noi
1061 1473 1157 1574 περὶ

152 1560 361 1658 ἐπισήμων
383 1575 551 1657 πορνῶν
571 1567 821 1657 ανενηνόχασιν.
859 1575 996 1640 Ioannes
1009 1555 1036 1638 I
1037 1597 1154 1641 auron
1166 1603 1183 1645 u

152 1665 212 1724 tius
226 1659 331 1740 Lydus
346 1662 384 1722 de
397 1663 569 1741 moqisoat.
588 1661 675 1724 Rom.
694 1671 719 1737 3,
737 1659 835 1724 84.

213 1761 277 1822 XII.
308 1761 470 1821 Secundum
486 1763 676 1822 Suetonium'
668 1781 696 1820 m
712 1761 786 1844 librp
802 1762 963 1822 devitiis
979 1781 1156 1862 corpore·

151 1847 247 1908 libus
259 1847 355 1906 arvina
367 1855 411 1905 est
414 1847 529 1945 pingue
538 1845 648 1920 durum,
662 1847 739 1923 qnod
752 1856 796 1907 est
806 1848 880 1907 inter
890 1857 983 1908 entem
995 1856 1025 1906 et
1037 1848 1154 1914 monus:
1186 1897 1187 1943 ,

152 1932 199 1993 elii
214 1932 330 1993 arvinae
346 1931 459 1990 nomine
477 1929 596 1990 laridum
615 1929 720 1990 dicunt.
739 1929 871 1998 Servius
884 1931 933 1993 ad
940 1928 1016 1992 Aen.
1033 1939 1068 2005 7,
1087 1940 1154 1994 827.

215 2015 315 2093 HIrqni
337 2014 427 2094 [IIIroi
449 2001 605 2093 Isidorus]
634 2023 698 2074 sunt
713 2013 863 2074 oculorum
880 2013 977 2093 anguli
992 2015 1186 2094 secundumn

152 2101 318 2161 Suetonium
334 2098 529 2177 Tranquillum
551 2098 697 2157 invitiis
715 2099 988 2178 corporalibus.
1020 2096 1155 2160 Seruius
1185 2095 1186 2165 1

153 2185 196 2245 od
206 2183 294 2264 γαρ.
310 2180 379 2244 uu
396 2191 463 2257 3,.8
491 2181 638 2243 Isidorus
652 2183 769 2263 111111οοὶ.
789 2191 835 2259 12,
853 2193 880 2258 1,
898 2185 944 2244 14.

212 2253 286 2329 Ulmo
301 2269 419 2346 proprie
435 2268 630 2345 estepanum,
646 2267 824 2346 inquantum
844 2276 966 2346 utraque
988 2269 1155 2328 extenditur

151 2371 294 2412 manus.
312 2351 407 2413 .lioet
430 2351 584 2410 Suetonius
607 2350 701 2411 uInnm
724 2350 848 2411 nubitum
863 2351 934 2412 velit
948 2369 1016 2410 esee
1031 2359 1185 2411 tantum·

151 2435 247 2495 motio.
277 2432 466 2496 Sermonae
485 2431 572 2514 Verq.
593 2432 660 2495 net.
678 2442 787 2510 3105.
1160 2449 1181 2489 11

214 2517 319 2579 Grneoi
335 2507 464 2596 ἱερόν’
448 2517 586 2594 οστοῦν,
608 2519 762 2579 Suetonius
778 2516 962 2595 Tranquillus
978 2520 1091 2598 spinam
1109 2538 1151 2579 se-

152 2622 230 2666 uram
245 2601 383 2681 appellet.
409 2601 476 2679 Ego
490 2621 536 2662 me
551 2621 646 2680 neque
659 2602 800 2664 Graecum
815 2620 910 2702 neque
922 2602 1051 2664 Latinum
1063 2621 1151 2664 vocn-

151 2689 247 2749 hulum
259 2686 344 2748 ullius
355 2685 474 2745 membri
489 2703 577 2747 nosse
591 2683 724 2762 mallem,
741 2687 830 2746 dnm'
821 2688 902 2746 istius
916 2687 1027 2748 doloris
1042 2706 1152 2768 expers

150 2776 236 2833 vitem
249 2769 396 2849 degerem.
422 2769 537 2831 Fronto
553 2769 598 2831 od
607 2770 723 2832 amieos
741 2779 802 2849 tp.
816 2778 874 2832 288
887 2769 975 2832 Rom.
992 2769 1033 2850 es.
1052 2787 1153 2851 supro
1182 2779 1183 2831 1

151 2876 182 2937 p.
200 2861 264 2928 230,
281 2864 309 2916 5.
336 2851 480 2915 Isidorus
498 2854 615 2934 etymol.
636 2863 679 2931 11,
697 2863 724 2930 1,
737 2859 784 2916 98.
1160 2875 1180 2917 ν

213 2953 291 3016 XIII.
322 2973 411 3034 puer,
428 2956 529 3034 pueri]
554 2953 641 3015 Cuius
655 2955 819 3015 femiuinum
834 2971 924 3034 puero
945 2953 1083 3016 dicebant
1107 2973 1155 3014 nn·
1181 2989 1182 3014 r

154 3042 242 3121 tiqui,
258 3039 333 3099 unde
350 3049 379 3100 et
394 3056 538 3118 puerpera
554 3039 658 3099 dititur
673 3057 747 3120 quae
763 3057 882 3117 puerum
899 3038 947 3099 vel
964 3057 1085 3118 pueram
1108 3057 1155 3116 pn·

154 3126 192 3185 rit
235 3122 374 3196 ..Quod
396 3122 566 3223 comprobet
586 3125 671 3183 etiem
692 3125 863 3198 Suetonius,
891 3122 1024 3183 diversos
1040 3140 1157 3201 ponens

154 3226 223 3268 nnus
240 3209 268 3264 in
286 3207 361 3267 libro
384 3209 431 3286 qui
453 3216 498 3266 est
519 3207 561 3266 de
577 3209 826 3267 Institutione
848 3207 1079 3267 officiorum.
1112 3205 1156 3266 Li-
1180 3232 1181 3275 t

155 3291 218 3347 vius
229 3291 257 3347 in
273 3287 410 3363 Odyssia:
441 3290 514 3351 Men
532 3308 648 3368 puero,
666 3291 741 3370 quid
752 3291 842 3352 verbi
856 3309 896 3350 eo
910 3298 962 3353 tuo
981 3309 1037 3353 ore
1052 3301 1179 3368 supr-oo

153 3369 252 3466 fugit?
280 3371 359 3430 Idem
373 3373 458 3433 alibi:
477 3373 649 3434 Pueramm
662 3374 805 3435 monibus
819 3374 989 3452 confectum
1009 3375 1155 3454 pulcher·

154 3452 239 3511 νὶνκα.
268 3451 332 3511 Non
348 3463 501 3515 esttamen
522 3457 725 3532 ignorandum,
749 3458 825 3536 qnod
848 3460 933 3518 etiem
953 3459 999 3518 hie
1015 3475 1180 3538 puerns

156 3542 185 3592 et
199 3534 247 3592 hio
261 3542 290 3592 et
310 3533 399 3594 haec
421 3555 512 3610 puer
532 3541 717 3599 vetustisnImi
736 3541 893 3616 protulisse
911 3542 1113 3614 Inveniuntur,
1130 3543 1179 3598 et
