2392 3926
216 245 493 295 unrnnnrnonuu
514 245 694 294 crunonunn
715 247 914 307 nnurouran.
1007 233 1067 294 307

72 421 181 483 equus,
196 401 306 461 fructus
321 400 442 460 alicuius
456 400 514 466 rei;
537 402 575 459 ita
592 400 713 460 alterum
730 401 766 461 ad
787 410 923 481 parentes
944 403 1070 480 pertinet

73 497 103 548 ει
118 486 153 547 ad
175 487 218 544 ius
235 484 406 558 liberorum,
423 483 543 542 alterum
559 483 595 543 ad
610 487 806 562 possessionis
820 485 952 546 iunctum.

135 569 214 630 luter
228 569 377 628 terminum
393 577 422 626 ει
437 567 534 646 linem]
558 569 695 628 terminus
712 579 757 628 εει
772 570 848 648 Ιοεί,
874 569 936 629 linis
954 569 1012 640 rei;
1041 578 1071 628 ει

73 655 209 714 terminus
224 652 316 712 dictus
333 661 377 711 est
391 651 427 711 ab
443 668 479 710 εο
496 651 573 730 quod
588 653 670 730 qnasi
682 662 787 713 terrarn
798 655 914 730 minuat,
929 653 992 713 linis
1005 661 1069 732 pot-

51 747 120 798 ιεει
135 754 202 797 εεεε
218 738 303 796 etiarn
318 736 392 794 ultra
403 737 562 794 terminum.

134 819 254 895 Honos,
271 819 381 898 bonor]
409 820 432 878 si
448 819 535 878 inerit
549 819 658 894 honos,
686 827 716 878 ut
736 836 829 899 nepos
848 819 900 880 dos
918 821 1069 896 sacerdos,

73 905 209 984 genetivo
224 921 293 963 casu
307 903 344 962 sit
356 903 488 978 bonotis,
504 911 535 960 ut
549 901 624 961 dotis
639 905 817 971 sacerdotis;
833 904 870 963 ita
885 904 1003 964 dicimus
1018 905 1070 964 bo·

73 1006 127 1048 nor
143 997 174 1048 ut
188 987 290 1062 arbor,
306 987 424 1046 honoris
439 994 468 1044 ut
482 985 604 1046 arboris.

134 1072 213 1133 Inter
233 1071 337 1130 iratum
359 1078 388 1128 ει
407 1069 504 1148 mare}
529 1070 632 1130 iratum
652 1079 696 1130 est
718 1071 830 1148 augusti
850 1071 936 1131 maris
958 1071 1069 1147 lances,

37 1171 153 1216 tornare
176 1163 221 1214 est
240 1163 341 1232 patens
362 1161 392 1212 et
413 1152 471 1212 late
494 1152 629 1220 ellusum;
653 1156 691 1213 ita
712 1154 789 1232 quod
805 1171 883 1214 rnare
899 1163 1012 1215 estnon
1026 1164 1071 1214 εει

74 1241 195 1313 luctum,
211 1236 289 1316 quod
305 1237 408 1296 fretum
423 1237 521 1315 utique
536 1253 615 1296 mare
632 1246 685 1297 εει.

138 1321 216 1380 Inter
240 1320 412 1380 absconsum
440 1329 469 1379 ει
494 1319 706 1400 absconditum]
726 1320 914 1398 absconsum,
941 1322 966 1380 si
991 1322 1070 1400 quic·

75 1423 159 1487 quarn
174 1413 204 1464 ει
218 1403 332 1464 sublata
345 1403 563 1482 praepositione
578 1413 680 1482 posset
692 1422 758 1464 esse
771 1422 903 1473 cousum;
919 1423 995 1465 nunc
1007 1423 1070 1464 curn

75 1491 114 1550 sit
129 1488 288 1563 conditum,
309 1487 410 1548 melius
432 1496 493 1563 est,
517 1487 594 1566 qnod
615 1488 794 1549 etiamnunc
815 1498 914 1549 serrat
930 1489 1070 1566 originem

41 1578 66 1620 ¹⁶
77 1591 169 1646 snam,
187 1571 394 1632 absconditum.

137 1655 216 1716 Inter
233 1665 380 1735 potentem
401 1655 517 1717 divitorn
540 1655 717 1735 locupletem
744 1657 933 1736 pecuniosum
955 1656 1071 1716 beatum

76 1751 106 1802 ει
120 1739 306 1820 opulentum}
326 1749 432 1820 potens
455 1739 565 1799 viribus
587 1750 617 1800 ει
637 1741 760 1820 imperio
784 1741 903 1818 dicitur,
936 1740 1069 1819 locuples

76 1823 225 1885 dicebatur
245 1824 321 1902 apud
350 1823 483 1902 antiquos
498 1824 546 1902 qni
561 1824 635 1884 locis
649 1824 779 1902 plurimis
794 1823 973 1900 abundabat,
990 1825 1071 1885 dives

76 1907 198 1988 pecnnia
213 1924 282 1968 auro
298 1917 327 1968 ει
346 1915 467 1984 argento
481 1924 498 1966 a
511 1925 685 1968 nummorum
701 1910 785 1986 copia
801 1907 905 1983 dictus,
920 1909 1072 1987 pecuniosi

40 2000 94 2054 ²⁰a
108 1991 263 2071 pecoribus
283 1992 351 2052 dicti
372 1991 483 2069 (iacilis
509 1992 583 2050 enirn
613 2000 675 2051 erat
693 2009 788 2051 rerum
806 1992 986 2051 commutatio
1008 2008 1071 2060 curn

75 2077 121 2136 his
142 2076 190 2154 qui
211 2094 245 2135 ea
263 2074 445 2152 habebant3)
468 2073 569 2134 beatus
590 2075 684 2135 anirno
704 2076 767 2153 qui,
790 2075 900 2134 etiamsi
921 2091 994 2153 opes
1014 2092 1072 2134 non

75 2158 176 2235 habet,
186 2167 280 2219 tamen
294 2159 359 2238 quia
375 2175 424 2217 eas
439 2174 496 2218 non
508 2157 664 2234 desiderat,
680 2158 715 2218 ab
728 2159 786 2218 hoc
799 2166 964 2236 contemptu
977 2157 1072 2237 quoad

76 2243 198 2304 animum
210 2244 312 2303 beatus
327 2242 443 2311 dicitnr;
456 2240 610 2320 opulentus
628 2251 673 2302 est
688 2243 735 2321 qui
749 2241 925 2318 indulgentia
939 2242 1072 2302 iortunae

76 2335 198 2406 propter
210 2327 330 2389 delicias
345 2326 450 2387 lentior
465 2333 526 2401 est,
543 2325 610 2386 ideo
625 2326 778 2404 opulentus
794 2342 879 2404 opum
895 2325 1071 2403 indulgentia

41 2411 183 2471 ”lentus

138 2493 216 2554 lnter
233 2504 377 2572 pometum
391 2503 421 2553 ει
434 2492 605 2572 pomarium]
622 2502 766 2571 pometum
782 2503 828 2554 est
842 2493 891 2552 ubi
913 2511 998 2573 poma
1022 2511 1070 2552 na·
1165 2537 1168 2546 ,

76 2586 212 2654 suuntur,
236 2578 393 2656 pomarium
412 2576 460 2636 ubi
480 2594 564 2656 porna
592 2586 789 2655 reponuntur,
816 2579 884 2638 item
912 2578 1071 2656 pomerium

76 2663 162 2722 locus
178 2660 255 2720 circa
269 2677 366 2720 muros
384 2669 429 2720 εει
444 2678 529 2721 sacer
544 2660 646 2720 dictus.

140 2743 218 2804 luter
234 2744 295 2804 alas
317 2753 346 2804 ει
366 2745 478 2824 pinnas]
501 2744 564 2804 alae
589 2754 654 2805 sunt
681 2745 784 2824 quibus
810 2746 913 2824 pinnae
939 2746 1070 2819 haerent,

42 2841 68 2882 so
78 2831 183 2909 pinnae
198 2837 292 2888 autem
307 2829 334 2887 in
350 2827 412 2888 alis.
942 2890 948 2894 ,

139 2911 218 2972 luter
244 2911 331 2972 lintea
355 2922 384 2972 ει
403 2911 479 2991 lina]
503 2912 591 2972 lintea
611 2921 675 2972 sunt
702 2922 852 2989 contexta,
876 2912 955 2972 velut
976 2913 1071 2972 tunica

8 3041 13 3056 .
78 2995 235 3074 stragulum
250 2995 362 3072 uelum,
388 2995 445 3056 lina
466 3014 540 3074 quae
563 2995 683 3072 singulis
699 2997 801 3074 positis
823 2996 878 3056 iilis
893 2996 1000 3056 babent
1019 2993 1069 3054 ali·

78 3097 135 3160 qua
148 3079 309 3139 intervalla.

139 3163 217 3224 luter
239 3163 405 3224 coclianum
426 3173 454 3224 ει
478 3164 616 3243 cocliare]
649 3164 802 3225 cocliarins
823 3173 869 3223 εει
890 3163 938 3241 qui
953 3163 1070 3222 cocleas

45 3273 70 3314 un
80 3247 193 3323 vendit,
208 3247 344 3308 cocleare
359 3257 404 3308 est
420 3248 496 3326 quod
511 3250 622 3307 utimur.

8 3383 16 3400 ,
141 3330 219 3391 lnter
232 3333 358 3392 vinetum
374 3341 403 3392 ει
418 3333 566 3412 vinarium]
596 3333 721 3393 vinetum
744 3342 788 3392 εει
804 3331 851 3392 ubi
867 3331 932 3392 rina
949 3347 1068 3391 nascun-

78 3421 140 3490 tur,
156 3416 293 3476 vinarium
308 3425 353 3477 εει
369 3416 446 3495 quod
464 3419 573 3476 utimur.

141 3495 273 3558 Firmiter
288 3510 317 3562 ει
332 3500 418 3560 lirrnis
436 3501 504 3560 nibil
520 3509 580 3578 est,
595 3501 691 3560 lirinus
707 3509 737 3560 ει
751 3500 831 3561 llrrne
842 3509 925 3561 recte
940 3498 1067 3560 dicimus.

853 3583 917 3646 20*
