2476 3892
131 133 191 194 114
219 143 249 192 c.
263 143 412 192 sunnam
423 141 550 200 annuo.
566 141 612 186 nn
624 140 707 186 vrnn
719 138 978 194 cannamomum.
991 137 1042 185 111.

87 296 122 353 66
190 297 320 362 Urebant
341 300 458 375 insuper
479 297 590 356 anxiam
604 303 726 354 mentem
742 296 820 354 varia
838 293 960 373 undique
983 294 1119 370 convitia,
1228 299 1229 304 ’

129 381 209 444 nullo
232 398 289 441 non
307 381 500 441 damnatorum
520 397 603 439 omne
617 377 717 458 probri
732 396 824 455 genus
839 395 936 438 coram
954 377 1001 437 vel
1018 396 1072 456 per
1086 379 1119 437 li·
1228 399 1229 450 3

128 465 226 526 bellos
242 463 438 525 inlorchestra
454 465 566 543 positos
581 465 741 540 ingerente.
770 461 879 536 Quibus
895 462 1008 541 quidem
1025 461 1119 521 diver·
1225 483 1229 536 p

129 551 241 610 sissima
265 546 465 623 adficiebatur,
490 547 575 607 modo
593 556 621 605 ut
641 565 711 625 prae
731 545 843 624 pudore
864 547 962 623 ignota
978 554 1007 605 et
1027 545 1121 606 celata

129 641 231 694 cuncta
245 640 373 711 cuperet,
389 648 597 711 nonnumquam
608 631 708 690 eadem
724 638 921 690 contemneret
933 638 962 689 et
974 630 1146 708 proferrett

128 716 203 776 ultro
219 723 305 792 atque
318 715 458 791 vulgaret.
483 715 557 790 Quin
572 724 601 774 et
611 712 749 773 Artabani
764 712 932 774 Parthorum
946 714 1026 790 regis
1043 714 1120 773 lace-

127 807 206 858 ratus
222 807 267 858 est
281 798 395 874 litteris,
408 798 559 878 parricidia
577 807 606 858 et
622 798 727 858 caedes
740 806 768 857 et
779 799 921 875 ignaviam
937 806 965 856 et
980 797 1121 856 luxuriam

129 882 296 959 obicientis,
314 884 514 962 monentisque
531 891 561 942 ut
579 882 738 942 voluntaria
754 891 846 942 morte
859 883 982 941 maximo
999 882 1119 940 iustissi·
1207 891 1229 920 “

86 974 232 1046 &ancorae
259 967 361 1026 civium
388 965 454 1026 odio
477 984 560 1046 quam
583 967 708 1045 primum
728 967 797 1025 satis
818 965 938 1025 laceret.
968 963 1119 1025 Postremo

127 1059 218 1110 semet
245 1050 309 1129 ipae
329 1059 495 1129 pertaesus,
522 1050 570 1110 tali
593 1048 733 1128 epistulae
762 1050 904 1128 principio
931 1057 1036 1109 tantum
1062 1063 1159 1107 noum

127 1151 261 1194 summam
276 1134 416 1194 malorum
430 1151 543 1193 suorum
558 1133 710 1213 professus
725 1142 784 1193 est:

188 1215 270 1291 Quid
299 1216 435 1278 scribam
463 1217 552 1279 cobis
578 1216 612 1277 P.
637 1214 670 1276 0.
694 1222 748 1276 ant
772 1234 830 1295 pao
855 1215 946 1277 modo
972 1214 1120 1292 scribam,

128 1308 182 1362 ant
213 1301 287 1381 qaid
313 1302 434 1362 omnino
461 1319 523 1362 non
554 1298 689 1362 scribam
722 1299 780 1361 bac
812 1306 961 1377 tenrpore,
1001 1299 1046 1360 dii
1075 1318 1123 1360 me

128 1385 263 1464 deaeque
284 1384 374 1462 peina
399 1384 533 1463 perdant
563 1402 654 1464 qaam
681 1383 792 1445 cotidie
816 1385 920 1462 perire
947 1384 1059 1460 sentio,
1093 1383 1123 1444 ri

126 1468 202 1530 scio.
1130 1477 1156 1518 ¹⁵

191 1551 360 1611 Existimant
375 1552 488 1628 quidam
503 1552 667 1629 praescisse
680 1552 752 1612 baec
767 1570 831 1610 eum
847 1551 948 1629 peritia
962 1551 1122 1611 futurorum

127 1653 162 1696 ac
178 1635 267 1694 multo
285 1643 364 1711 ante,
381 1643 484 1712 quanta
500 1653 533 1694 se
549 1634 718 1714 quandoque
733 1634 875 1695 acerbitas
892 1643 920 1694 et
934 1635 1050 1696 infamia
1064 1653 1120 1696 ma·
1228 1641 1229 1680 i

126 1727 226 1794 neret,
248 1717 452 1796 prospexisse;
478 1718 617 1797 ideoque,
639 1727 669 1778 ut
691 1719 839 1797 imperium
858 1719 967 1797 inierit,
989 1728 1017 1778 et
1032 1721 1121 1798 patris

126 1801 238 1880 patriae
263 1801 487 1880 appellationem
509 1811 537 1861 et
557 1820 593 1860 ne
614 1803 642 1860 in
658 1811 721 1862 arcta
736 1820 786 1862 sua
802 1804 943 1862 iuraretur
959 1801 1109 1864 obstinatis
1170 1850 1173 1856 .

128 1886 199 1944 sime
214 1903 383 1962 recusasse,
406 1904 442 1945 ne
457 1904 525 1946 mox
538 1885 648 1945 maiore
663 1885 810 1946 dedecore
824 1887 915 1964 impar
931 1887 1015 1947 tantis
1030 1887 1121 1946 bono·
1131 1902 1158 1945 ao
1228 1919 1229 1936 κ

126 1969 206 2028 ribus
234 1970 419 2028 inveniretur.
460 1969 545 2045 Quod
570 1987 639 2028 sane
666 1988 704 2028 eu
726 1971 855 2030 oratione
877 1972 955 2046 eius,
979 1988 1062 2050 qnam
1085 1970 1123 2030 de
1228 2015 1229 2018 ,

127 2062 247 2131 utraque
270 2051 436 2130 rehabuit,
461 2053 560 2131 colligi
582 2062 692 2131 potest;
715 2054 763 2114 vel
786 2071 849 2113 oum
863 2054 916 2131 ait,
939 2054 1123 2115 similemne

126 2154 247 2214 semper
263 2135 466 2215 scifatorum
482 2156 538 2198 nec
555 2154 697 2216 amanam
716 2143 900 2198 matataram
920 2155 1021 2198 mores
1035 2155 1121 2216 naor,
1214 2161 1220 2171 ·

127 2238 219 2300 paam
234 2220 287 2280 din
304 2238 402 2281 canae
416 2221 523 2282 mentis
534 2220 667 2299 fatssem
682 2219 739 2281 sed
753 2221 884 2300 exempli
895 2239 993 2282 caasa
1009 2239 1120 2284 caoen·

127 2304 198 2363 dnm
214 2322 295 2379 esre,
311 2323 350 2364 ne
365 2323 399 2364 sc
415 2312 540 2365 cenatas
556 2305 588 2364 in
606 2310 679 2365 acta
695 2306 873 2385 caiaeqaam
888 2302 1049 2385 obliparet,
1070 2306 1157 2386 paim
1228 2313 1229 2340 l

127 2387 231 2466 atiquo
249 2403 326 2446 casa
340 2389 456 2448 matari
466 2396 580 2467 posset.
612 2388 648 2448 Et
662 2407 761 2448 rursus
1228 2463 1229 2468 ἵ

188 2468 365 2547 Siquando
387 2476 501 2547 antem,
523 2473 627 2551 inquit,
652 2469 689 2531 de
707 2472 844 2533 moribus
860 2471 933 2532 mdc
955 2473 1124 2552 devotoque
1228 2471 1229 2512 ³

126 2551 216 2614 nobie
230 2553 331 2614 animo
344 2553 568 2630 dubitaveritis,
584 2552 681 2638 (qaod
691 2557 781 2635 prins
796 2575 886 2636 paam
901 2557 1030 2634 eveniat,
1050 2562 1122 2634 opto

126 2642 160 2697 at
177 2655 224 2696 me
242 2654 403 2713 supremus
421 2638 486 2698 dies
500 2637 570 2699 baio
583 2645 719 2700 mutatae
735 2649 858 2701 nestrae
873 2640 911 2700 de
925 2659 973 2701 me
986 2640 1125 2720 opinioni

128 2717 255 2802 eripiat)
271 2720 349 2781 nibil
361 2721 486 2783 bonaria
501 2721 615 2784 adiciet
629 2723 702 2784 mibi
712 2725 821 2802 patria
836 2725 1017 2801 appellatio,
1031 2722 1121 2785 nobie
1130 2745 1157 2788 aa

128 2812 228 2865 antem
264 2804 470 2882 exprobrabit
503 2815 557 2867 ant
592 2807 787 2868 temeritatem
820 2807 915 2868 delati
947 2808 1020 2869 mibi
1056 2807 1123 2868 eine

129 2888 316 2968 copnominis
331 2895 385 2949 ant
399 2890 636 2951 inconstantiam
650 2891 800 2952 contrarii
813 2892 851 2952 de
865 2910 912 2952 me
925 2891 1039 2954 indicii.
1213 2937 1229 2980 ᾧ

85 2975 120 3031 68
191 2971 324 3051 Corpore
344 2974 396 3033 iuit
418 2974 513 3052 amplo
536 2984 620 3054 atque
641 2974 776 3053 robusto,
800 2985 905 3036 statura
926 2994 999 3055 quae
1020 2978 1122 3036 iustam
1228 2985 1229 3000 ¹

129 3057 300 3126 excederem
317 3056 390 3118 latus
405 3057 440 3118 ab
452 3057 577 3118 humeris
593 3068 621 3119 et
636 3068 767 3137 pectore,
784 3062 889 3120 ceteris
905 3078 1020 3140 quoqne
1035 3077 1120 3119 mem·

128 3137 187 3197 bris
211 3159 303 3219 usque
327 3140 362 3201 ad
384 3141 456 3201 imos
486 3143 577 3220 pedes
597 3143 724 3223 aequalia
750 3152 779 3204 et
802 3161 979 3222 congruens3
1006 3145 1157 3210 sinistram

127 3237 210 3280 manu
234 3224 355 3299 agiliore
379 3243 413 3285 ac
426 3225 580 3304 validiore,
603 3227 730 3287 articulis
746 3229 783 3288 ita
799 3229 903 3306 firmis,
923 3237 953 3288 ut
972 3236 1122 3289 recenset

127 3303 268 3380 integrum
294 3308 396 3367 malum
422 3309 511 3386 digito
538 3310 713 3386 terebraret,
747 3319 832 3391 caput
857 3313 939 3390 pueri
966 3311 1120 3372 ueletiam
1227 3345 1229 3396 4

128 3385 319 3448 adulescentis
334 3391 429 3455 talitro
444 3393 619 3453 vulneraret.
650 3392 759 3456 Colore
778 3405 838 3455 erat
854 3395 991 3474 candido,
1014 3394 1120 3474 capillo
