2466 3896
124 193 182 254 156
214 205 242 253 o.
256 202 544 262 sucrouruannu.
557 203 977 250 oevrcscnusnnumcm.
990 204 1023 250 r.

120 363 209 422 driam
225 359 325 418 crediti
344 356 475 416 servandi
492 375 578 418 eausa
598 367 716 432 secuto,
742 359 849 416 crimen
865 359 1022 416 maiestatis
1039 358 1117 436 apud

63 454 102 489 f
120 445 230 506 iudices
244 451 359 500 motum.
387 440 488 500 Plures
511 450 612 501 notare
634 451 769 517 conatus,
791 459 894 518 magna
916 443 1116 520 inquisitorum

121 526 305 606 neglegentia
321 524 373 584 sed
388 541 440 584 suo
452 526 560 584 maiore
572 524 733 601 dedecore,
748 526 881 584 innoxios
896 524 958 584 lere
973 529 1116 605 repperit,
1220 593 1221 596 Ἴ

121 611 345 692 quibuscumque
370 608 538 668 caelibatum
560 619 608 668 aut
628 609 778 669 orbitatem
804 618 852 670 aut
871 618 1031 686 egestatem
1054 610 1116 669 obi·

121 704 214 772 ceret,
230 693 361 768 maritos,
379 701 489 770 patres,
506 693 660 770 opulentos
676 712 709 752 sc
722 693 924 772 probantibus;
938 711 974 752 eo
990 694 1116 772 quidem,
1132 708 1145 749 s

120 782 167 861 qui
184 779 297 838 sibimet
312 779 367 835 vim
388 777 466 835 ferro
487 777 617 836 intulisse
638 776 828 854 arguebatur,
852 778 990 838 iulaesum
1007 795 1117 856 eorpus

120 873 202 925 veste
226 861 358 940 deposita
381 868 552 920 ostentante.
596 861 723 920 Fuerunt
744 870 772 920 et
793 860 844 922 illa
867 864 896 920 in
914 880 1035 921 censura
1053 863 1118 921 eius

120 946 270 1021 notabilia,
292 943 369 1023 quod
389 944 520 1004 essedum
544 953 728 1021 argenteum,
757 954 924 1024 sumptuose
946 944 1118 1005 fabricatum
1220 955 1221 1018 1

41 1083 43 1092 .
121 1050 157 1093 ac
171 1029 273 1090 venale
290 1028 325 1088 ad
341 1029 502 1104 Sigillaria,
524 1028 623 1111 redimi
641 1027 811 1106 concidique
829 1046 926 1089 coram
948 1030 1116 1107 imperarit;
1220 1021 1221 1088 Ῠ

122 1115 255 1196 quodque
270 1129 326 1172 uno
342 1111 388 1170 dic
402 1111 457 1171 XX
471 1112 564 1171 edicta
580 1115 747 1191 proposuit,
770 1113 843 1171 inter
858 1131 930 1192 quae
947 1112 1019 1189 duo,
1046 1131 1117 1192 quo·
1129 1130 1156 1170 ro

121 1219 182 1260 rum
194 1198 285 1258 altero
296 1195 480 1270 admonebat,
497 1205 525 1255 ut
540 1195 621 1255 uberi
635 1199 781 1256 vinearum
797 1207 938 1274 proventu
949 1197 1024 1256 bene
1040 1196 1119 1256 dolia

121 1285 299 1364 picarentur;
321 1280 431 1357 altero,
458 1279 527 1338 nihil
547 1299 639 1358 aeque
661 1279 759 1340 facere
788 1280 823 1340 ad
848 1281 966 1360 viperae
990 1297 1118 1340 morsum

122 1386 206 1447 quam
223 1367 281 1425 taxi
298 1365 410 1424 arboris
426 1383 533 1424 sucum.
554 1360 614 1426 dict
626 1411 629 1430 ,
643 1380 728 1426 rato
754 1365 843 1418 met
856 1378 930 1414 mu
941 1357 993 1410 aaut

82 1462 112 1518 17
182 1449 403 1528 Expeditionem
422 1467 505 1508 unam
528 1449 642 1507 omnino
661 1450 805 1527 suscepit,
829 1467 951 1526 eamque
966 1448 1117 1508 modicam.
1220 1411 1221 1506 l

12 1533 43 1577 ¹⁴3
53 1538 100 1582 d*
123 1535 207 1611 Cum,
224 1534 350 1593 decretis
366 1531 420 1591 sibl
436 1551 452 1592 a
466 1542 566 1592 senatu
584 1533 757 1592 ornamentis
773 1532 1009 1612 triumphalibus,
1025 1532 1153 1593 levio-1⁵

122 1638 182 1680 rem
204 1617 344 1678 maiestati
371 1615 522 1694 principali
543 1615 652 1674 titulum
675 1615 862 1677 arbitraretur
884 1617 1031 1696 velletque
1052 1617 1118 1676 iusti

122 1702 255 1782 triumphi
267 1700 371 1773 decus,
386 1699 459 1758 uude
469 1699 633 1778 adquireret
644 1699 815 1759 Britanniam
830 1701 1007 1779 potissimum
1016 1700 1116 1778 elegit,

12 1769 16 1803 ¹
122 1805 216 1866 neque
234 1791 399 1861 temptatam
415 1783 464 1842 ulli
484 1793 549 1862 post
559 1783 662 1843 Divum
675 1783 774 1843 lulium
786 1794 815 1844 ct
828 1794 895 1844 tunc
904 1785 1118 1844 tumultuantem

16 1869 53 1924 1·
66 1872 159 1932 tetrob
170 1888 227 1930 non
236 1867 364 1929 redditos
379 1868 551 1944 transfugas.
570 1867 632 1926 lluc
644 1886 706 1926 curn
716 1868 751 1928 ab
763 1868 842 1928 Ostia
852 1871 1017 1946 navigaret,
1030 1867 1116 1927 rehe-

122 1956 208 2016 menti
222 1935 310 2014 ditio
323 1952 367 2011 bis
383 1970 475 2030 paene
488 1951 636 2011 demersus
649 1960 704 2028 est,
721 1971 813 2030 prope
825 1952 968 2029 Liguriam
980 1954 1117 2030 iuxtaque
1127 1965 1154 2005 ao

124 2036 300 2100 Stoechadas
318 2037 435 2096 insulas.
465 2036 561 2112 Quare
578 2035 735 2097 allassilia
757 2035 943 2112 Gesoriacum
958 2053 1050 2114 usqne
1067 2053 1116 2112 pe·
1220 2041 1221 2068 ¹

124 2123 213 2183 destri
229 2123 329 2180 itinere
346 2121 497 2196 confecto,
519 2118 585 2178 inde
602 2121 770 2196 transmisit,
789 2138 823 2180 ac
839 2123 900 2179 sine
920 2120 980 2179 ullo
1002 2119 1117 2198 proelio

51 2245 54 2254 ·
124 2215 170 2267 aut
181 2205 320 2282 sangnine
332 2206 404 2264 intra
416 2205 606 2283 paucissimos
618 2203 679 2262 dies
692 2213 773 2283 parte
783 2205 893 2264 insulae
904 2206 933 2262 in
945 2203 1119 2263 deditionem

123 2298 259 2366 recepta,
286 2297 370 2346 sexto
395 2307 479 2366 quam
502 2288 651 2367 profectus
676 2297 736 2348 erat
760 2305 858 2347 mense
878 2289 999 2348 Romam
1024 2287 1118 2363 rediit,

123 2371 361 2448 triumphauitque
374 2373 496 2432 maximo
512 2381 660 2452 apparatu.
681 2371 727 2430 Ad
740 2372 818 2430 cuius
831 2372 1027 2451 spectaculum
1041 2388 1118 2430 com·
1129 2385 1156 2425 2⁵

123 2473 220 2515 meare
236 2455 264 2512 in
278 2453 377 2513 urbem
387 2473 445 2514 non
457 2457 549 2516 solum
563 2455 744 2534 praesidibus
757 2458 967 2534 provinciarum
979 2455 1118 2534 permisit,

124 2557 222 2600 verum
237 2538 321 2596 etiam
336 2538 468 2598 exulibus
484 2539 666 2617 quibusdam;
690 2549 775 2618 atque
796 2542 871 2600 inter
893 2540 1008 2600 hostilia
1023 2539 1119 2618 spolia

122 2621 254 2684 navalem
266 2638 401 2682 coronam
415 2623 531 2700 fastigio
542 2624 688 2684 Palatinae
703 2624 802 2683 domus
818 2626 896 2684 iuxta
912 2625 1033 2684 civicam
1047 2622 1119 2699 fixit,

123 2707 236 2768 traiecti
252 2715 280 2765 et
297 2709 377 2784 quasi
394 2707 490 2766 domiti
505 2707 613 2768 Oceani
635 2710 759 2784 insigne.
787 2706 906 2768 Gurrum
928 2710 989 2767 eius
1008 2707 1118 2768 blessa-

122 2792 180 2853 lina
191 2808 264 2851 uxor
277 2801 415 2870 carpento
432 2800 531 2852 secuta
544 2801 601 2861 est;
618 2793 710 2852 secuti
722 2801 750 2852 et
761 2792 940 2871 triumphalia
953 2799 1119 2852 ornamenta
1129 2805 1155 2846 ao

102 2876 226 2958 leodem
240 2875 320 2935 bello
336 2874 448 2956 adepti,
465 2875 516 2935 sed
533 2877 622 2936 ceteri
635 2876 757 2956 pedibus
773 2877 841 2935 etin
857 2883 1016 2954 praetexta,
1033 2872 1117 2934 Cras·

123 2979 171 3018 sus
187 2958 275 3037 Frugi
294 2977 370 3038 equo
387 2960 538 3039 phalerato
555 2962 626 3020 etin
642 2968 726 3019 veste
743 2953 882 3046 palmata]
897 2957 974 3038 quod
989 2977 1053 3018 eum
1067 2957 1117 3017 ho·

123 3061 223 3104 norem
238 3045 401 3104 iteraverat.
492 3085 496 3099 .

124 3207 282 3268 Aemiliana
298 3212 473 3287 pertinacius
485 3211 632 3287 arderent,
650 3211 678 3269 in
689 3211 849 3276 diribitorio
862 3211 971 3271 duabus
983 3208 1117 3270 noctibus
1128 3224 1155 3267 au

124 3292 242 3366 mansit,
262 3309 297 3351 ac
319 3293 471 3354 deficiente
494 3295 613 3354 militum
633 3313 668 3354 ac
690 3294 860 3356 familiarum
881 3295 980 3371 turba,
1011 3293 1117 3354 auxilio

126 3371 241 3452 plebem
258 3391 310 3450 per
320 3379 502 3452 magistratus
518 3398 555 3438 ex
570 3377 700 3437 omnibus
713 3381 786 3438 vicis
803 3381 977 3439 convocarit
990 3397 1025 3438 ac
1040 3377 1118 3456 posi·

83 3136 117 3192 18
184 3126 270 3186 Urbis
287 3145 474 3205 annonaeque
490 3147 585 3188 curam
606 3127 811 3188 sollicitissime
832 3145 948 3206 semper
960 3127 1030 3204 egit.
1048 3123 1119 3185 (lum

126 3455 162 3514 tis
177 3463 242 3514 ante
258 3473 290 3513 se
306 3475 368 3516 curn
383 3464 506 3536 pecunia
520 3463 614 3538 lisois,
629 3461 664 3521 ad
679 3461 904 3522 subveniendum
918 3462 1050 3522 hortatus
1062 3468 1121 3530 ent,
1204 3123 1221 3620 ss
