2466 3896
162 205 221 266 142
250 216 280 265 c.
297 215 446 265 sunuour
461 215 587 274 ruane.
603 214 651 262 nu
665 213 748 262 viru
764 214 947 264 cassanum
963 216 1032 263 nun.
1046 217 1114 265 1111.

161 373 299 435 amatorio
318 372 430 450 quidem
455 368 678 448 medicamento,
703 369 755 430 sed
771 369 846 449 quod
865 371 894 430 in
913 371 1040 431 lurorem
1059 379 1151 431 verte·

161 460 206 517 rit.
249 455 423 517 lucitahatur
443 456 582 514 insomnia
601 456 737 524 maxime;
758 472 852 533 neque
873 455 947 514 euim
973 454 1039 534 plus
1068 473 1151 534 quam
1223 469 1224 474 ’

161 539 251 600 tribus
266 541 412 601 nocturnis
435 537 515 597 horis
531 537 715 616 quiescebat,
738 556 773 599 ao
794 539 883 598 neiis
909 539 1022 618 quidem
1038 537 1152 618 placida
1211 567 1224 616 ,p

160 627 273 703 quiete,
294 623 347 684 sed
362 620 465 702 pavida
480 621 559 681 miris
578 640 672 681 rerum
687 621 871 700 imaginibus,
896 632 927 683 ut
951 623 998 702 qni
1014 625 1088 683 inter
1104 641 1151 683 oe·
1223 617 1224 620 ’

159 718 238 770 teras
259 707 358 788 pelagi
373 704 514 785 quondam
536 707 664 785 speciem
685 706 906 786 conloquentem
930 724 1029 767 secum
1052 705 1153 767 videre
1179 726 1190 765 ⁵

160 793 238 853 visus
256 793 301 852 sit.
345 791 474 868 Ideoque
498 806 602 866 magna
622 798 704 868 parte
726 792 821 850 noctis
840 791 958 868 vigiliae
972 789 1152 868 cubandique

159 877 254 938 taedio
270 893 344 936 nunc
360 883 423 934 toro
436 873 583 949 residens,
603 891 679 933 nune
693 892 746 952 per
760 875 944 952 longissimas
960 875 1090 954 porticus
1104 893 1153 934 ra·
1223 869 1224 902 ³

159 981 214 1040 gus
229 961 364 1020 iuvocare
380 957 532 1018 identidem
549 967 635 1037 atque
652 967 809 1036 expectare
825 959 919 1019 lucem
935 967 1096 1018 consuerat.

118 1049 151 1102 bl
219 1043 284 1104 Nou
299 1045 429 1103 inmerito
443 1043 547 1102 mentis
560 1041 707 1103 valitudini
722 1042 897 1103 attribuerim
912 1042 1105 1103 diversissima
1124 1044 1153 1101 in

160 1129 263 1190 eodem
279 1129 361 1204 vitia,
380 1143 513 1188 summam
529 1125 727 1187 confidentiam
748 1135 777 1186 et
794 1135 894 1187 contra
909 1127 1023 1186 nimium
1036 1134 1151 1186 metum.
1165 1147 1188 1188 ao
1223 1125 1224 1146 ³

159 1213 294 1290 Numqui
314 1210 385 1271 deos
404 1219 481 1271 tanto
497 1227 589 1288 opere
610 1218 822 1288 contemneret,
846 1209 882 1271 ad
902 1212 1013 1270 minima
1029 1209 1153 1269 tonitrua
1223 1211 1224 1256 ἶ

161 1307 190 1358 et
204 1297 318 1373 lulgura
337 1296 492 1372 conivere,
516 1303 602 1374 eaput
625 1292 799 1370 obvolvere,
821 1303 849 1355 at
872 1312 942 1355 vero
961 1295 1071 1354 maiore
1086 1311 1152 1372 pro·
1223 1320 1224 1368 p

159 1383 258 1462 ripere
278 1397 311 1440 se
326 1398 342 1439 e
357 1388 446 1440 strato
465 1376 517 1437 sub
540 1379 703 1456 lectumque
720 1379 846 1439 condere
863 1377 986 1439 solebat.
1018 1377 1152 1454 Peregri-

160 1467 277 1526 natione
298 1463 411 1542 quidem
432 1462 575 1521 Siciliensi
594 1463 685 1522 irrisis
706 1462 820 1522 multum
844 1461 975 1524 locorum
997 1460 1152 1536 miraculis,
1217 1469 1224 1526 t

48 1589 49 1594 η
160 1556 282 1626 repente
303 1564 318 1606 a
340 1546 473 1605 blessaua
492 1555 578 1605 noctu
596 1545 724 1625 profugit
738 1545 861 1607 Aetnaei
885 1546 1004 1607 verticis
1024 1545 1103 1606 iumo
1118 1562 1188 1607 aeus

160 1647 301 1690 murmure
316 1629 494 1708 pavefactus.
537 1628 687 1689 Adversus
707 1629 848 1690 barbaros
865 1648 981 1709 quoque
995 1629 1152 1689 minacissi-

160 1732 237 1790 mus,
268 1731 330 1772 cum
353 1721 430 1773 trans
446 1713 577 1773 Rhenum
599 1715 673 1772 inter
687 1715 834 1790 angustias
851 1716 1027 1792 densumque
1048 1730 1152 1790 agmen

160 1800 215 1859 iter
234 1796 338 1857 essedo
360 1797 486 1873 laceret,
519 1796 632 1857 dicente
658 1797 781 1874 quodam
806 1815 863 1858 uon
889 1797 1063 1858 mediocrem
1088 1797 1153 1857 iore
1204 1805 1224 1856 i

161 1882 421 1942 consternationem
443 1881 561 1941 sicunde
582 1879 674 1940 hostis
692 1892 846 1960 appareat,
866 1901 968 1961 equum
993 1881 1067 1940 ilico.
1084 1897 1152 1940 con·

160 1965 272 2028 scendit
287 1983 322 2027 ao
342 1982 469 2045 propere
484 1983 620 2026 reversus
636 1963 672 2024 ad
694 1974 812 2044 pontes,
834 1975 864 2026 ut
888 1983 940 2026 eos
957 1963 1107 2026 calonibus
1124 1972 1154 2023 et
1163 1980 1188 2020 ao

160 2051 370 2132 impedimentis
390 2052 512 2131 stipatos
532 2051 678 2129 repperit,
700 2051 849 2129 impatiens
872 2067 970 2110 morae
987 2066 1040 2128 per
1054 2065 1154 2108 manus

160 2156 195 2198 ao
212 2154 299 2215 super
317 2137 410 2213 capita
430 2135 572 2196 hominum
593 2133 747 2194 translatus
768 2143 822 2193 est.
865 2135 934 2194 llox
953 2136 1037 2194 etiam
1059 2130 1153 2192 audita

161 2220 322 2281 rebellione
345 2219 528 2296 Germaniae,
548 2219 693 2294 ingemet
714 2217 840 2278 subsidia
860 2218 947 2296 lugae
969 2217 1080 2279 classes
1104 2234 1153 2295 ap·
1209 2223 1224 2276 «l

161 2302 295 2382 parabat,
313 2322 369 2363 uuo
395 2304 499 2363 solatio
525 2302 731 2381 adquiescens,
766 2305 967 2362 transmarinas
992 2310 1073 2361 certe
1099 2300 1154 2360 sibi

162 2386 359 2464 superfuturas
375 2387 555 2464 provincias,
577 2387 602 2446 si
616 2386 743 2446 victores
757 2385 873 2465 Alpium
889 2389 971 2463 iuga,
991 2394 1022 2445 ut
1033 2383 1153 2458 cimbri,
1163 2401 1188 2442 as

161 2469 315 2530 ueletiam
337 2468 453 2545 urbem,
476 2479 506 2531 ut
528 2473 659 2530 Senones
686 2469 843 2549 quondam,
864 2477 1053 2548 occupareut;
1079 2468 1155 2530 uude

163 2551 251 2613 credo
281 2552 502 2633 percussoribus
531 2556 593 2614 eius
624 2563 727 2633 postea
758 2555 906 2614 consilium
933 2563 1043 2630 natum,
1078 2551 1156 2632 apud

161 2637 361 2698 tumultuantes
382 2637 487 2697 milites
505 2637 690 2714 ementiendi,
712 2640 804 2717 ipsum
827 2638 882 2699 sibi
904 2655 1002 2698 manus
1021 2636 1155 2697 intulisse

161 2723 258 2783 nuntio
273 2720 365 2782 malae
381 2739 496 2799 pugnae
512 2722 703 2802 perterritum.
860 2775 862 2780 ,

120 2817 154 2874 tt
225 2804 339 2868 Vestitu
357 2805 536 2884 calciatuque
553 2813 582 2865 et
599 2814 698 2865 cetero
717 2805 813 2867 habitu
835 2824 930 2885 neque
949 2805 1043 2885 patrio
1058 2813 1190 2883 nequett

163 2891 256 2968 civili,
286 2908 321 2951 ac
342 2907 379 2948 ne
395 2889 468 2950 ririli
486 2889 599 2968 quidem
614 2908 649 2950 ac
665 2890 788 2969 denique
809 2889 932 2951 humano
952 2905 1068 2968 semper
1084 2905 1155 2956 usus

162 2986 215 3037 est.
260 2976 356 3053 Saepe
371 2973 501 3052 depictas
519 2982 734 3053 gemmatasque
748 2973 861 3034 indutus
883 2973 1037 3054 paenulas,
1057 2989 1155 3032 munu-
1223 3007 1224 3036 2

161 3060 254 3121 leatus
270 3067 299 3118 et
313 3057 469 3119 armillatus
484 3060 512 3118 in
528 3057 672 3138 publicum
688 3059 845 3138 processit:
873 3056 1027 3136 aliquando
1045 3056 1155 3116 serica-
1223 3039 1224 3088 ³

161 3153 207 3202 tus
223 3151 252 3205 et
268 3141 448 3216 cycladarum
476 3160 511 3203 ac
531 3142 615 3200 modo
632 3143 659 3201 in
680 3137 868 3220 crepidisssvel
885 3141 1045 3217 cothurnis,
1065 3138 1155 3198 modo

161 3226 191 3283 in
216 3224 409 3302 speculatoria
435 3226 546 3300 caliga.
569 3242 775 3303 nonnumquam
802 3242 893 3287 socco
920 3223 1067 3292 muliebri;
1091 3222 1194 3303 ple-es

163 3324 281 3383 rumque
302 3325 374 3367 vero
395 3327 481 3369 aurea
505 3309 609 3388 barba,
629 3309 736 3370 iulmen
758 3319 859 3369 tenens
880 3319 928 3369 aut
945 3309 1084 3369 fuscinam
1106 3317 1156 3368 aut

165 3388 319 3450 caduceum
335 3390 452 3452 deorum
473 3393 610 3472 insignia:
637 3402 722 3472 atque
738 3395 822 3454 etiam
839 3393 963 3453 Veneris
985 3393 1063 3454 cultu
1085 3409 1154 3452 con·
1223 3390 1224 3476 J

164 3478 282 3551 spectus
301 3481 355 3532 est.
398 3475 607 3554 Triumphalem
629 3477 742 3556 quidem
765 3486 894 3537 ornatum
914 3479 998 3538 etiam
1021 3486 1086 3538 ante
1103 3493 1154 3536 ex·
1223 3485 1224 3502 ¹
