2466 3896
114 221 174 284 134
218 233 248 280 o.
263 231 412 280 sonrom
426 231 553 291 unaue.
568 231 617 282 nn
630 231 713 280 vura
726 231 909 281 cunsurmu
919 234 988 282 urs.
1001 234 1067 281 1111.

112 391 177 451 dem
195 390 336 449 factorum
361 387 559 468 dictorumque
580 388 699 448 saevitia
723 386 830 449 aderat.
875 389 970 468 Saepe
992 391 1022 449 in
1043 408 1112 450 con·

111 483 214 556 spectu
243 471 410 552 prandentis
435 472 484 532 rel
510 473 691 533 comissantis
723 473 818 533 seriae
845 475 1030 552 quaestiones
1057 492 1114 554 per

112 567 252 620 tormenta
266 556 460 635 habebantur,
479 556 563 616 miles
579 555 743 617 decollandi
759 555 865 618 artifex
885 557 1114 638 quibuscumque

113 664 129 704 e
153 640 281 703 custodia
305 644 399 721 capita
425 640 598 721 amputabat.
641 641 770 702 Puteolis
793 640 975 703 dedicatione
1001 643 1112 722 pontis,

113 746 196 809 quem
211 728 406 804 excogitatum
422 726 457 786 ab
473 744 510 786 eo
526 725 766 804 significavimus,
794 744 858 787 cum
872 727 978 787 multos
993 745 1011 786 e
1025 725 1138 788 litore⁶

111 814 263 872 invitasset
295 810 330 871 ad
360 829 408 888 se,
445 819 568 890 repente
598 811 690 871 omnis
718 812 936 891 praecipitavit,
973 811 1114 892 quosdam

111 895 308 975 gubernacula
342 894 596 976 apprehendentes
627 897 720 955 contis
753 898 898 975 remisque
931 895 1052 956 detrusit
1083 897 1115 955 in

110 999 199 1041 mare.
241 980 352 1041 Romae
379 978 497 1059 publico
525 978 613 1058 epulo
641 997 756 1040 servum
785 979 822 1040 ob
846 978 1002 1042 detractam
1027 979 1115 1040 lectis

111 1073 277 1144 argenteam
299 1064 431 1126 laminam
453 1065 582 1125 camilici
604 1064 758 1124 confestim
781 1063 910 1142 tradidit,
932 1073 962 1124 ut
983 1062 1114 1124 manibus

110 1149 232 1211 abscisis
250 1159 336 1228 atque
355 1158 421 1210 ante
436 1158 540 1228 pectus
555 1166 571 1208 e
588 1146 667 1208 collo
684 1147 894 1230 pendentibus,
915 1147 1112 1228 praecedente
1125 1153 1152 1196 ¹⁰

111 1235 193 1295 titulo
216 1235 263 1312 qui
286 1251 400 1295 cansam
421 1251 534 1312 poenae
553 1233 709 1311 indicaret,
735 1252 789 1314 per
812 1242 913 1294 coetus
936 1231 1113 1313 epulantium

111 1316 382 1379 circumduceretur.
419 1318 629 1400 llurmillonem
650 1318 770 1395 eludo,
796 1316 913 1378 rudibus
932 1333 1031 1378 secum
1050 1316 1112 1377 bat

110 1411 237 1463 tuentem
252 1411 281 1462 et
298 1411 402 1481 sponte
420 1411 609 1482 prostratum,
643 1402 884 1463 coniodit'ierrea
902 1403 963 1462 sica
981 1420 1015 1462 ac
1030 1417 1113 1462 more

110 1488 250 1548 victorum
266 1504 328 1545 cum
346 1487 441 1566 palma
461 1487 641 1547 discucurrit.
685 1486 808 1548 Admota
828 1485 966 1548 altaribus
985 1487 1111 1562 victima,

110 1574 274 1632 succinctus
287 1587 427 1650 poparum
439 1569 536 1631 habitu
550 1571 698 1649 elatoalte
710 1571 814 1633 malleo
828 1570 993 1632 cultrarium
1004 1578 1148 1631 macta-1⁵

109 1658 159 1714 vit.
192 1653 323 1714 Lautiore
340 1656 473 1714 convivio
495 1654 602 1715 eiiusus
619 1655 712 1715 subito
734 1658 762 1715 in
785 1654 958 1732 cachinnos,
987 1653 1112 1715 consuli·

109 1739 178 1817 bus,
211 1739 259 1818 qui
273 1740 352 1799 iuxta
375 1738 533 1818 cubabant,
562 1739 694 1818 quidnam
709 1740 817 1801 rideret
839 1739 944 1800 blande
969 1756 1111 1817 quaeren-

110 1823 184 1885 tibus
204 1819 300 1900 outo,
322 1823 427 1903 inquit,
452 1823 515 1885 nisi
530 1842 591 1885 aaa
613 1842 679 1886 meo
699 1831 775 1886 nuta
792 1824 932 1904 iupulari
952 1831 1114 1903 utramque
1222 1869 1223 1880 ,

66 1916 241 1973 occeanum
260 1907 364 1969 atatim
381 1911 499 1988 posse?
529 1907 608 1969 Inter
629 1911 727 1970 varios
752 1911 852 1986 iocos,
885 1927 948 1969 cum
971 1907 1113 1969 assistens

108 1992 262 2054 simulacro
290 1992 369 2053 lovis
395 1992 522 2074 Apellen
551 1994 720 2071 tragoedum
754 1995 948 2055 consuluisset
978 2003 1042 2053 uter
1071 1991 1172 2051 illino·

107 2080 198 2138 maior
220 2077 383 2156 videretur,
417 2086 597 2140 cunctantem
619 2078 745 2158 flagellis
774 2077 903 2157 discidit,
935 2075 1113 2138 conlaudans

108 2161 228 2223 subinde
249 2180 353 2222 vocem
370 2163 557 2243 deprecantis
578 2166 660 2243 quasi
685 2166 770 2224 etiam
794 2165 823 2223 in
847 2163 956 2242 gemitu
976 2159 1112 2241 praedul-

109 2265 180 2307 cem.
226 2247 366 2322 Quotiens
387 2249 485 2308 uxoris
507 2246 555 2308 rel
581 2248 720 2308 amiculae
747 2247 853 2308 collum
879 2247 1112 2323 exoscularetur,
1221 2239 1222 2283 ἶ

108 2329 244 2391 addebat:
281 2329 355 2392 Tam
383 2331 467 2394 bono
498 2333 605 2394 cercis
633 2332 726 2394 simul
754 2349 794 2393 oc
819 2332 942 2393 iussero
963 2331 1111 2393 demetur.

108 2415 182 2489 Quin
198 2424 228 2474 et
247 2414 367 2475 subinde
388 2415 530 2494 iactabat,
560 2417 784 2496 exquisiturum
799 2435 834 2477 se
851 2417 904 2478 ael
916 2415 1055 2496 fidiculis
1073 2413 1149 2477 deas

109 2497 265 2561 Caesonio
279 2516 355 2575 suo,
386 2518 443 2562 cata·
457 2516 525 2562 eom
541 2506 626 2563 tanto
643 2520 738 2581 opere
752 2501 903 2582 diligeret.

65 2593 99 2650 34
168 2580 231 2643 Nec
246 2584 357 2643 minore
373 2582 468 2644 livore
484 2603 517 2646 ac
532 2585 711 2664 malignitate
727 2603 810 2666 quam
828 2585 964 2664 superbia
977 2584 1112 2646 saeuitia-

107 2687 162 2749 que
184 2686 278 2748 paene
302 2667 442 2729 adversus
463 2671 556 2730 omnis
581 2672 646 2730 aeri
671 2669 816 2730 hominum
842 2687 935 2748 genus
961 2676 1112 2746 grassatus

107 2763 160 2814 est.
206 2754 321 2815 Statuas
338 2755 464 2814 virorum
483 2755 659 2832 inlustrium,
688 2754 725 2815 ab
740 2753 874 2832 Augusto
891 2773 930 2815 ex
945 2751 1113 2832 Capitolina

107 2857 175 2899 area
198 2846 322 2918 propter
349 2840 497 2916 angustias
522 2839 551 2898 in
579 2855 709 2918 campum
732 2838 863 2900 ldartium
892 2837 1038 2910 conlatas,
1072 2836 1149 2895 itam

106 2922 247 2983 subvertit
262 2932 348 3004 atque
364 2921 478 2984 disiecit
496 2931 527 2982 ut
542 2923 653 2983 restitui
669 2924 758 2984 salvis
773 2922 861 2983 titulis
878 2939 937 2982 non
953 2920 1112 3002 potuerint,
1219 2995 1220 3002 ἵ

105 3009 253 3087 vetuitque
281 3007 405 3087 posthac
430 3008 585 3068 viventium
615 3009 745 3088 cuiquam
775 3024 893 3086 usqum
917 3014 1038 3067 statuam
1065 3011 1114 3063 aut
1215 3037 1219 3086 5

105 3093 258 3168 imaginem
273 3094 327 3152 nisi
343 3090 477 3152 consulto
500 3100 530 3152 et
545 3100 666 3154 auctore
683 3111 716 3152 se
737 3092 816 3170 poni.
835 3025 1008 3184 >Cogitavit
1025 3087 1112 3149 etiam

106 3174 142 3232 de
158 3173 275 3235 llomeri
292 3175 463 3237 carminibus
480 3175 647 3253 abolendis,
680 3193 737 3236 eur
750 3172 903 3235 enim'eibt'
924 3192 987 3235 aaa
1005 3172 1110 3246 licere,

106 3257 222 3330 diceus,
250 3259 334 3336 quod
353 3258 478 3322 Platoni
497 3260 651 3335 licuisset,
678 3259 732 3338 pat
752 3277 819 3320 eam
842 3255 1001 3318 ecicdote
1019 3264 1145 3336 qaum

106 3338 313 3401 constituebat
326 3344 469 3406 eiecerit?
490 3345 547 3405 Sed
565 3353 593 3405 et
609 3343 723 3420 Virgilii
739 3360 775 3403 ac
790 3341 846 3402 l'iti
865 3339 927 3400 Livi
949 3341 1058 3419 scripta
1082 3345 1112 3396 ct
1218 3361 1219 3376 u

106 3423 247 3498 imagines
273 3424 388 3502 paulum
413 3428 482 3487 aluit
507 3429 573 3507 quin
599 3445 637 3488 ex
664 3425 795 3487 omnibus
819 3423 1003 3484 bibliothecis
1032 3438 1111 3483 amo·
1213 3435 1218 3492 ἰ

106 3512 205 3581 veret,
234 3522 354 3584 quorum
372 3508 491 3570 alterum
507 3518 537 3569 ut
552 3510 654 3571 nullius
669 3509 779 3589 ingenii
795 3507 986 3587 minimaeque
1003 3504 1111 3567 doctri-
