2434 3908
500 236 709 285 PRAEFATIO.
1010 241 1045 288 LI

146 415 206 454 vum
226 397 299 453 enim
322 402 419 468 eaput,
442 411 497 450 uon
522 397 640 465 librum,
668 398 755 469 prima
781 397 928 470 scriptoris
958 399 1045 456 verba

142 499 171 554 p.
187 487 240 542 268
254 481 404 536 Rhetorica
422 493 528 551 quoque
547 481 626 550 apud
643 497 693 536 uos
709 483 829 552 perinde
850 490 930 554 atque
948 500 1045 556 qram-

141 567 243 622 metica
259 571 312 620 etc.
329 570 425 636 aperte
439 564 567 635 produnt.
610 563 665 620 Sed
680 582 714 620 ne
730 567 757 621 in
773 566 918 622 codicibus
935 567 1044 638 quidem

141 648 212 706 satis
226 649 327 706 idonea
344 653 504 720 argumenta
519 647 649 703 diversae
665 649 805 720 opinionis
819 649 955 706 invenias.
998 652 1045 706 ln-

141 732 266 806 terponit
283 732 392 804 quidem
409 728 599 788 berolinensis
615 732 688 786 liber
705 734 791 789 verba
807 734 893 789 haee:
912 735 1046 790 Eiusdem

140 817 178 872 de
194 816 336 872 rhetoricus
351 811 422 889 (sic)
438 814 543 870 libellus
557 816 660 886 incipit,
679 815 844 872 Harleiauus
860 825 887 873 et
903 818 1045 874 Parisinus

141 903 226 958 haee:
248 901 370 958 Suetonii
381 899 534 970 Tranquilli
547 899 581 953 de
592 902 778 969 qrammaticis
791 901 859 955 liber
869 904 983 971 primus
994 918 1045 958 eco-

140 985 227 1056 plicit.
268 986 389 1056 sequitur
412 983 531 1038 eiusdem
556 983 590 1038 ule
611 982 765 1038 rhetoribus
786 985 855 1039 liber
876 983 1044 1061 (secundus)

140 1069 292 1126 Vaticanus
306 1073 375 1128 4498
386 1069 470 1123 haee:
493 1066 575 1122 Liber
584 1070 694 1138 primm
705 1069 775 1138 finit.
814 1067 936 1124 Suetonii
953 1070 1044 1126 Trun-

140 1153 221 1223 quilli
238 1152 362 1209 historici
383 1151 417 1206 de
437 1150 601 1206 Rhetoribus
613 1151 696 1205 Liber
715 1149 758 1206 II.
803 1153 905 1207 Verum
925 1154 954 1209 hi
979 1154 1045 1210 libri

141 1235 200 1291 levi
217 1243 280 1292 sunt
295 1235 473 1303 auctoritate,
492 1252 524 1290 ae
540 1236 609 1290 tides
622 1235 716 1307 potius
732 1234 767 1290 iis
781 1236 919 1307 habenda,
936 1237 983 1308 qui
999 1238 1046 1292 vel

143 1318 211 1375 nihil
231 1319 304 1376 tituli
319 1321 365 1374 vel
387 1319 421 1374 de
440 1318 594 1374 rhetoribus
615 1325 719 1374 tantum
739 1319 927 1390 interserunt,
949 1310 1060 1402 quales¹

141 1410 206 1458 suut
219 1403 379 1472 Leideusis,
395 1402 553 1472 Gudianus,
567 1403 768 1472 Farnasianus‚
783 1402 911 1459 Vaticani
933 1409 1002 1466 1518
1019 1409 1047 1459 et

143 1492 219 1552 1862,
234 1487 293 1544 alii.
327 1485 352 1542 ls
367 1500 478 1556 quoque
493 1486 600 1556 titulus,
616 1485 663 1557 qui
677 1488 809 1558 vulgares
826 1487 966 1543 editiones
980 1488 1046 1543 inde

142 1571 177 1626 ab
199 1569 301 1626 Aldina
332 1569 396 1625 anni
420 1575 488 1630 1508
516 1571 676 1641 ooaupavit:
703 1571 732 1628 u.
754 1569 875 1626 Suetonii
894 1571 1049 1644 Tranquilli

141 1652 208 1709 libri
220 1653 285 1721 duo,
300 1653 334 1707 cle
355 1652 562 1708 illustribus
578 1657 765 1724 qrammctieis
779 1660 804 1710 et
823 1657 939 1711 claris
953 1655 1046 1711 rheto-

140 1736 228 1805 ribus,
243 1736 406 1807 prostremis
420 1737 501 1793 modu
517 1737 613 1793 verbis
627 1739 808 1794 vetustiorum
823 1739 929 1810 aliquot
944 1740 1045 1796 editio·

141 1835 207 1875 num
220 1818 410 1876 auctoritatam
426 1822 561 1892 sequitur,
576 1821 708 1878 maiorem
723 1830 828 1894 partem
845 1824 879 1879 ab
889 1823 962 1880 Aldo
978 1839 1046 1879 eon-

142 1906 339 1960 cinnatnsest.

208 1988 285 2043 Hune
308 1987 433 2042 libellum
457 1994 521 2058 post
540 1985 780 2060 Hieronymum²⁷J
802 1990 849 2059 qui
872 1991 977 2059 legerit
1000 1990 1141 2052 „utramuis
1161 1991 1203 2034 xv

142 2069 418 2139 commemoraverit,
438 2071 573 2125 neminem
589 2072 663 2126 novi.
706 2071 797 2126 Multis
819 2073 906 2142 igitur
924 2074 1047 2128 saeculis
1070 2041 1185 2134 mgiiinin

144 2172 196 2227 pro
213 2154 359 2226 deperdito
372 2153 468 2210 haberi
483 2153 589 2222 debuit,
605 2154 695 2210 doneo
711 2154 824 2210 circiter
837 2171 863 2210 a.
873 2161 940 2214 1452
954 2156 1047 2212 Enoc

145 2239 362 2304 Asculanus,
391 2237 535 2294 Germania
557 2238 699 2309 Daniaque
719 2243 885 2309 peragrata,
909 2255 969 2294 cum
990 2238 1047 2296 alia
1104 2307 1109 2314 ἱ

145 2320 315 2394 antiquitatis
340 2328 513 2377 monumenta
538 2317 588 2394 (de
611 2322 710 2393 quibus
730 2319 843 2376 videndi
867 2320 988 2378 Orellius
1012 2324 1047 2379 ad

144 2404 290 2461 Ciceronis
312 2405 446 2476 epistolas
473 2406 550 2462 edi
570 2424 597 2478 p.
614 2405 713 2472 Xllll,
734 2405 889 2462 llassmann
908 2407 943 2462 ad
958 2407 1045 2464 Taciti

143 2487 315 2544 Germaniam
336 2506 363 2560 p.
381 2496 412 2548 11
436 2495 465 2543 et
482 2488 511 2543 Τ.
532 2492 681 2548 llommseu
708 2491 735 2547 in
759 2493 855 2548 lluseo
874 2494 1007 2552 liheuano
1030 2501 1047 2554 6

143 2591 171 2644 p.
184 2568 248 2645 627)
264 2579 319 2628 tum
334 2573 422 2630 Taciti
438 2575 509 2630 duos
530 2575 654 2644 libellos,
670 2577 704 2630 de
721 2575 866 2632 Germania
882 2578 960 2634 etde
976 2578 1047 2635 Ora-

143 2657 267 2727 toribus,
281 2673 341 2712 eum
356 2658 410 2712 hoc
424 2657 602 2727 Suetonium,
618 2675 673 2714 uuo
687 2665 716 2714 ut
727 2659 840 2715 videtur
854 2661 953 2717 codice
970 2679 1044 2717 com·

142 2741 311 2812 prehensos,
326 2741 434 2812 reperit
447 2741 475 2796 in
490 2741 653 2815 Italiamque
668 2744 768 2800 attulit.
813 2743 887 2799 Vide
902 2745 1044 2800 Iovianum

143 2825 293 2880 Portunum
308 2841 333 2881 a.
350 2829 418 2884 1460
435 2826 506 2880 haee
525 2827 678 2882 tradentem
692 2827 764 2882 inira
779 2845 807 2898 p.
823 2833 883 2887 288.
929 2826 979 2882 cui
995 2843 1044 2883 au·

142 2907 216 2964 ctori
237 2907 441 2964 assentiendum
459 2908 587 2964 existimo
604 2910 738 2965 referenti
758 2911 901 2965 mendosos
919 2913 975 2965 ium
990 2915 1043 2965 tum

141 2997 170 3046 et
189 2990 364 3062 imperfectus
382 2991 402 3047 i.
426 3009 451 3047 e.
471 2999 594 3048 extrema
619 3000 698 3064 parte
721 2993 861 3050 mutilatas
883 2993 971 3049 luisse
991 2995 1043 3050 hos

142 3076 338 3146 grammaticos
359 3081 388 3130 et
401 3076 545 3139 rhetorem
567 3077 617 3132 sed
633 3077 712 3131 tidem
727 3077 931 3147 denegandam,
953 3093 1013 3133 curu
1029 3096 1045 3134 a

143 3157 297 3214 Poleutono
312 3158 443 3215 Patauino
458 3161 574 3216 alterum
582 3158 709 3214 Suetonii
723 3161 859 3229 codicem,
877 3159 906 3214 iu
921 3177 975 3231 quo
991 3162 1044 3218 alia

142 3242 295 3298 Illustrium
320 3243 444 3297 virorum
471 3259 538 3315 pars
569 3242 690 3311 inesset,
716 3247 918 3299 concrematum
944 3246 1043 3316 arguit.

213 3370 258 3428 27)
278 3367 384 3422 Gellium
407 3387 508 3437 quoque
530 3372 590 3422 huie
611 3371 695 3422 libello
716 3372 808 3422 debere
832 3374 954 3438 arbitror,
981 3392 1044 3440 quae

144 3435 249 3555 lrzfflll
269 3453 320 3489 nou
343 3442 447 3491 nimium
470 3441 604 3507 diligenter
626 3441 658 3490 de
680 3439 839 3506 philosophis
856 3453 881 3492 et
902 3443 1043 3496 rhetoribus

208 3519 217 3554 1
230 3541 235 3552 .

882 3579 916 3635 d*
