2466 3896
424 271 527 320 nrvus
543 271 725 320 ouuuoros.
1014 260 1072 322 165

81 444 168 489 causa
190 423 327 504 quosdam
350 428 555 503 cormuitteret,
577 427 613 487 de
634 428 780 489 fabrorum
805 446 920 508 quoque
941 447 975 488 ac
990 428 1071 487 mini·

80 521 203 572 atrorum
216 518 301 588 atque
317 509 345 570 id
363 528 455 586 genus
469 529 603 589 numero,
622 512 646 570 si
661 521 832 572 automatum
845 513 893 572 vel
906 530 1012 592 pegma
1024 512 1072 571 vel

81 594 148 675 quid
166 593 222 654 talo
238 592 313 654 aliud
328 611 428 672 pamm
444 597 590 655 cessisset.
625 595 738 656 induxit
752 606 781 656 et
796 615 880 656 unum
897 615 935 656 ex
956 589 1071 656 nomen-

7 669 24 724 Γ
82 677 258 739 culatoribus
273 679 348 756 suis,
366 680 409 738 sic
426 687 456 737 nt
474 689 535 739 erat
546 688 672 756 togatus.

56 779 68 819 s
146 761 205 822 Sed
224 761 292 838 nihil
316 780 408 844 aeque
431 780 514 844 quam
533 764 646 824 timidus
670 782 704 824 ao
727 762 858 824 diflidens
874 765 935 824 luit.
971 765 1115 828 Primis35

80 848 192 926 imperii
214 846 314 906 diebus
339 865 523 926 quamquam,
554 857 584 907 ut
612 849 750 925 diximus,
775 848 897 908 iactator
921 847 1084 925 civilitast
1106 855 1184 920 tttt
1197 891 1199 900 .

80 948 176 1009 neque
193 931 326 991 convivia
340 933 412 990 inire
429 951 514 993 ausus
529 942 575 992 est
596 934 650 993 uisi
670 942 700 992 ut
717 931 919 1011 speculatores
937 950 1000 992 cum
1014 933 1073 992 lan-

7 1019 21 1102 p
82 1017 142 1076 cels
159 1015 375 1075 circumstarent
394 1017 556 1096 militesque
576 1021 642 1078 vice
665 1019 858 1076 ministrorum
874 1016 1073 1093 fungerentur,

81 1118 176 1178 nequo
192 1117 310 1176 aegrum
328 1117 499 1178 quemquam
513 1103 638 1162 visitavit
651 1102 707 1160 nisi
722 1100 876 1180 explorato
898 1103 978 1178 prius
996 1099 1073 1159 cubi-

49 1197 72 1238 to
83 1184 149 1244 culo
168 1183 338 1261 culcitisque
358 1193 387 1244 et
404 1185 539 1262 stragulis
554 1187 770 1265 praetemptatis
786 1193 814 1244 et
827 1185 970 1244 excussis.
996 1182 1074 1243 Reli-

82 1285 138 1347 quo
151 1275 384 1346 autemtempore
396 1269 598 1329 salutatoribus
610 1279 788 1330 scrutatores
803 1286 919 1347 sempor
930 1268 1075 1347 apposuit,
1089 1277 1195 1360 &M

82 1350 239 1431 etquidem
258 1351 388 1412 omnibus
404 1362 434 1412 et
448 1353 660 1414 acerbissimos.
674 1354 766 1422 tSero
783 1355 857 1412 enim
872 1371 907 1412 ac
925 1354 974 1412 vix
991 1353 1075 1410 remi·
1089 1358 1224 1427 usofru-

81 1439 134 1513 sit,
150 1454 186 1494 ne
206 1436 330 1495 feminae
348 1439 577 1516 praetextatique
590 1435 672 1517 pueri
688 1447 717 1496 et
730 1437 846 1516 puellae
860 1445 1075 1497 contrectareu-
1087 1427 1224 1514 swod&

81 1530 141 1596 tur,
160 1528 189 1578 et
202 1537 239 1578 ue
252 1520 331 1578 cuius
347 1522 443 1581 comiti
458 1531 505 1581 aut
517 1521 634 1583 librario
648 1522 818 1582 calamariae
835 1531 882 1583 aut
892 1521 1077 1601 graphiariae

7 1583 14 1604 ³
47 1622 72 1666 rs
81 1605 186 1664 thecae
199 1602 400 1664 adimerentur.
428 1605 507 1666 Motu
526 1606 602 1666 civili
621 1625 685 1666 cum
700 1625 764 1666 eum
781 1604 934 1684 Camillus,
954 1624 1012 1666 uon
1028 1604 1076 1664 du·

82 1689 176 1748 bitans
189 1689 273 1748 etiam
290 1689 361 1762 citra
375 1689 481 1749 bellum
503 1709 591 1771 posse
613 1694 734 1769 terreri,
760 1691 969 1752 contumeliosa
983 1700 1013 1750 et
1027 1691 1077 1749 mi·

81 1773 146 1832 naci
169 1779 198 1830 et
222 1775 381 1834 contumaci
403 1775 526 1853 epistula
541 1775 648 1836 cedere
664 1777 786 1855 imperio
804 1775 917 1837 iuberet
933 1777 1077 1854 vitamque

7 1879 14 1890 ·
83 1857 205 1915 otiosam
226 1856 254 1915 iu
273 1858 383 1936 privata
404 1877 436 1918 re
458 1877 562 1937 agere,
584 1860 722 1921 dubitavit
746 1860 878 1920 adhibitis
899 1859 1077 1940 principibus

82 1939 169 2016 viris,
184 1957 220 1999 an
231 1948 456 2020 optemperaret.
470 1944 613 2019 Quasdam
625 1944 742 2004 insidias
755 1954 864 2020 temere
880 1943 991 2004 delatas
1003 1941 1076 2003 adeo
1085 1945 1121 2002 36

46 2024 217 2103 roexpavit,
242 2033 273 2084 ut
300 2023 448 2103 deponere
474 2029 623 2106 imperium
646 2031 837 2106 temptaverit.
872 2026 1018 2103 Quodam,
1048 2035 1078 2084 ut

8 2121 9 2124 ’
82 2126 169 2187 supra
181 2108 293 2186 rettuli,
312 2127 375 2168 cum
391 2109 472 2169 ferro
498 2113 575 2172 circa
596 2114 805 2172 sacrificantem
827 2131 859 2172 se
882 2111 1077 2190 deprehenso,
1102 2113 1178 2170 tiri.

82 2201 212 2252 senatum
233 2211 287 2271 per
309 2210 472 2273 praecones
495 2213 623 2275 propere
645 2198 818 2256 convocavit
844 2196 1027 2272 lacrimisque
1050 2201 1079 2252 et

8 2295 33 2358 »λ
81 2275 292 2337 vociferatione
309 2279 460 2338 miseratus
477 2288 522 2339 est
540 2281 733 2340 conditionem
755 2299 851 2357 suam,
876 2280 920 2339 cui
937 2278 1006 2337 nibil
1027 2278 1078 2337 tuti

8 2354 12 2414 l
83 2379 202 2440 usquam
224 2370 317 2439 esset,
340 2380 375 2422 ac
396 2361 443 2422 diu
463 2364 580 2442 publico
604 2365 747 2425 abstinuit.
770 2363 943 2426 Messalinae
963 2379 1079 2442 quoquc

47 2461 210 2506 asumorem
230 2445 480 2523 tlagrantissimum
501 2466 558 2508 non
580 2458 636 2509 tam
656 2449 822 2527 indignitate
844 2447 1079 2512 contumeliarum
1100 2471 1104 2482 .

84 2547 167 2609 quam
185 2530 306 2608 periculi
322 2539 398 2590 metu
412 2531 532 2610 abiecit,
550 2553 613 2593 cum
630 2533 759 2595 adultero
776 2535 846 2594 Silio
862 2534 973 2612 adquiri
989 2535 1077 2611 impe-

8 2689 12 2698 ι
82 2615 155 2672 rium
172 2613 357 2684 credidisset;
375 2633 432 2692 quo
450 2625 581 2697 tempore
596 2617 713 2678 foedum
728 2618 882 2678 immodum
897 2617 1026 2696 trepidus
1043 2615 1078 2675 ad
1095 2613 1205 2699 paulu

84 2705 179 2756 castra
195 2698 341 2775 confugit,
362 2699 431 2759 nibil
446 2710 505 2762 tota
521 2703 568 2762 via
584 2720 668 2780 quam
682 2709 799 2763 mactae
812 2701 874 2762 sibi
886 2701 1007 2762 sulcum
1022 2700 1076 2760 im·

79 2781 201 2858 perium
217 2784 379 2860 requirens.
407 2783 494 2846 Nulla
523 2785 596 2846 adeo
619 2787 763 2865 suspicio,
784 2787 878 2847 nullus
903 2794 1003 2846 auctor
1023 2783 1119 2842 tamti

48 2879 73 2920 ao
83 2864 157 2924 levis
170 2867 279 2942 extitit,
293 2885 308 2926 a
321 2883 378 2946 quo
390 2886 447 2928 nou
459 2869 597 2930 mediocri
609 2870 746 2950 scrupulo
754 2873 860 2931 iniecto
873 2870 907 2932 ad
921 2868 1079 2929 cavendum

84 2947 337 3030 ulciscendumque
353 2954 586 3032 compelleretur.
609 2957 689 3017 Unus
703 2974 740 3016 ex
754 2947 947 3034 litigatoribus
959 2951 1079 3012 seducto

84 3033 111 3092 in
127 3032 299 3094 salutatione
315 3036 480 3116 affirmavit,
503 3039 611 3100 vidisse
628 3058 660 3099 so
676 3058 729 3119 per
747 3043 873 3118 quietem
898 3037 994 3098 occidi
1015 3053 1080 3094 eum

85 3117 253 3194 aquodam;
277 3120 341 3180 dein
361 3121 546 3204 paulopost,
570 3124 651 3202 quasi
673 3140 877 3202 percussorem
892 3128 1080 3199 agnosceret,

9 3205 14 3220 '
83 3198 377 3265 libellumtradentem
386 3205 580 3268 adversarium
593 3227 673 3267 suum
684 3207 903 3268 demonstravit:
916 3205 1080 3265 confestim·

47 3291 75 3336 tt
84 3299 140 3362 que
152 3285 176 3344 is
189 3287 400 3368 prqdepranso
415 3291 450 3352 ad
462 3310 585 3371 poenam
599 3301 698 3372 raptus
710 3301 763 3352 est.
781 3293 845 3354 Pari
857 3290 943 3352 modo
957 3303 1079 3369 oppres-

84 3384 147 3427 sum
162 3369 257 3430 lerunt
270 3370 396 3451 Appium
412 3376 551 3439 Silanum:
569 3394 654 3455 quem
670 3394 733 3437 cum
748 3374 902 3438 Messalina
920 3384 949 3435 et
964 3374 1079 3435 Narcis-

9 3485 50 3540 ,ῃ
85 3469 133 3512 sus
149 3456 366 3532 conspirassent
382 3459 522 3537 perdere,
538 3460 636 3520 divisis
652 3459 798 3541 partibus,
816 3461 889 3522 alter
905 3469 971 3521 ante
986 3459 1082 3520 lucem

9 3557 11 3594 ε
84 3534 186 3596 similis
206 3539 344 3618 attonito,
366 3544 480 3620 patroni
504 3543 665 3608 cubiculmn
687 3547 812 3628 inrupit,
837 3549 982 3609 affirmans
1006 3561 1101 3605 som.
