2434 3908
181 241 241 291 mv
517 243 723 292 PRAEFATIO.

186 406 258 460 mino
273 402 375 460 Iobbni
388 408 441 458 ete.
458 401 539 457 Iones
553 402 672 458 Aloisius
689 403 832 458 Mecinus
851 404 998 459 advocatus
1016 419 1081 460 can-

186 489 343 553 sistoriolis‚
366 485 532 542 invenerunt
545 486 660 542 Parisiis
677 484 823 561 (incurab.
847 504 891 546 nc.
907 483 990 561 1133)
1006 504 1081 543 mce-

188 587 241 642 que
258 571 347 643 gretia
361 569 575 640 diligentissime
591 571 765 626 contulerunt
778 572 789 626 l
800 572 935 627 ucobus
951 571 1082 627 Hunni-

187 657 253 711 ker
278 653 420 711 Helvetius
441 653 648 710 etAndreas
673 653 813 725 Frigell
836 656 952 711 Succus.
997 655 1083 710 Tran-

188 738 267 808 quilli
277 739 391 794 libellus
406 736 473 793 loliu
490 735 540 794 XV
546 737 721 808 quaternaria
733 731 867 798 29¹—4sl
880 739 1082 811 complectitur,

186 819 286 895 incipit
307 821 450 878 Suetonius
467 821 500 875 de
513 823 713 892 prcmmcticis,
737 821 838 877 desinit
853 823 980 877 abstinuit
993 823 1060 877 cibo.
1076 823 1082 888 Ι

186 905 289 963 trus
302 904 388 962 ΒΕΘ.

43 991 171 1036 nemetim
251 989 343 1046 Tertia
364 994 407 1044 est
429 987 636 1044 Florentino
657 986 743 1043 editio
765 990 1032 1062 a.1478impressu
1055 995 1084 1044 et

187 1072 265 1132 loliis
282 1071 467 1145 quaternariis
483 1071 545 1126 XIV
564 1077 704 1127 constans.
735 1071 843 1128 Initium
859 1081 902 1130 est
917 1073 945 1130 O.
962 1072 1084 1129 Suetonii

190 1159 349 1231 Tranquilli.
369 1153 374 1236 Ι
393 1157 427 1211 de
439 1157 630 1230 prummcticis.
652 1160 679 1209 et
693 1151 819 1236 rbetoril
838 1158 898 1213 bus.
931 1158 1025 1213 clares.
1051 1157 1083 1210 li-

187 1243 242 1298 ber.
268 1242 369 1313 incipit.
399 1239 461 1296 linis
479 1239 555 1294 cibo:
574 1230 579 1318 Ι
597 1239 652 1294 Nil.
685 1241 809 1310 amplius.
834 1243 982 1312 reperitur.
1001 1234 1005 1316 Ι
1026 1239 1083 1294 Inr—

183 1341 310 1399 pressum
330 1325 489 1380 Florentiae
512 1340 529 1377 u
553 1314 558 1401 Ι
578 1322 642 1394 puel
661 1321 790 1379 Sanctum
806 1323 936 1381 lucabum
959 1325 992 1380 de
1010 1314 1015 1401 Ι
1034 1323 1084 1378 Ri-

180 1411 250 1482 pclr'.
280 1407 482 1466 MOCCCLXX
485 1401 611 1481 V111⁸³).
657 1409 716 1462 Duo
737 1410 863 1481 exemplu
884 1408 992 1480 Lipsiae
1013 1407 1083 1462 bibl.

187 1523 386 1536 -u--OE

187 1589 263 1641 fallor
281 1596 409 1650 tamquam
426 1585 536 1635 codicem
554 1585 665 1636 contulit.
702 1585 853 1636 Germanum
869 1585 1084 1652 typothetamfol-

184 1652 845 1789 tii:tili⁹,liiltltrutibilest“t
865 1655 1085 1789 ,Deciibmiii

188 1807 231 1846 uc.
251 1791 342 1844 11-143.
378 1791 468 1841 Nescio
483 1790 637 1840 uetustiorne
653 1792 685 1842 sit
702 1807 734 1842 an
756 1792 878 1856 posterior
892 1807 922 1842 ea
941 1791 1085 1856 impressio,

190 1876 265 1928 quam
281 1861 398 1928 prodis'se
418 1866 506 1924 putant
530 1873 563 1908 ex
579 1858 693 1910 Romana
714 1859 816 1911 officina
829 1861 870 1909 vel
888 1861 989 1910 loannis
1005 1859 1087 1910 Gens-

190 1933 254 1996 berg
271 1929 311 1980 vel
326 1929 429 1979 Ioannis
443 1926 583 1978 Schurener
597 1928 629 1978 de
643 1929 794 1994 Boppardia.

258 1997 303 2062 33)
318 1997 460 2063 Principem
478 1997 534 2046 dico
553 1995 619 2046 hanc
634 1997 803 2047 Florentinum
818 1998 952 2048 editionem
969 2012 1019 2046 non
1034 2005 1085 2046 tam

189 2069 265 2120 cer-tls
278 2065 416 2116 rationibus
430 2065 560 2124 inductus,
577 2080 652 2128 quam
669 2065 736 2128 quod
751 2067 918 2130 antiquiorem
934 2067 987 2117 eius
1006 2082 1086 2132 gene-

189 2139 225 2190 ris
240 2150 290 2188 nou
306 2136 373 2185 novi.
409 2134 511 2186 collatis
527 2135 593 2183 enim
608 2135 732 2184 similibus
747 2136 869 2201 exemplis
885 2143 966 2186 aetate
981 2135 1085 2185 interio-

189 2207 268 2268 ribus,
284 2203 409 2270 suspicari
424 2204 483 2254 licet
498 2203 530 2252 de
544 2205 680 2254 vetustiore
693 2203 778 2267 alique
794 2204 903 2255 editione
918 2205 1029 2254 nondum
1045 2204 1085 2252 in-

190 2283 274 2335 ventu,
288 2273 355 2323 unde
374 2281 398 2322 et
408 2272 552 2322 Florentino
567 2280 592 2321 et
605 2273 719 2336 reliquae
734 2272 861 2324 derivatae
876 2288 932 2323 esse
944 2273 1085 2324 rideantur.

189 2344 285 2393 Verum
299 2355 356 2391 cum
371 2355 426 2390 eam
439 2355 492 2390 rem
507 2355 573 2389 nunc
587 2341 620 2391 ad
635 2341 757 2404 liquidum
771 2342 908 2406 perducere
923 2354 974 2391 nco
986 2354 1086 2405 queam,

191 2411 254 2462 satis
267 2409 347 2459 habeo
361 2408 435 2458 trium
444 2409 611 2474 posteriorum
625 2409 762 2459 editionum
779 2410 891 2459 notitiem
908 2409 1009 2460 addere.
1032 2409 1086 2458 Hoc

190 2479 258 2528 enlm
274 2475 430 2541 exemplum,
449 2483 476 2525 ut
491 2476 601 2526 bonitate
616 2491 663 2526 sua
678 2477 782 2540 meruit,
804 2478 914 2527 omnium
937 2478 1086 2542 saepissime

191 2559 307 2596 recusum
323 2553 369 2593 est.

227 2614 250 2667 1.
273 2613 302 2662 ln
317 2612 376 2661 bibl.
391 2614 461 2663 univ.
476 2613 615 2678 Lipsiensis
632 2612 709 2676 (Hist.
725 2614 767 2664 lat.
786 2611 847 2678 146)
864 2615 973 2678 itemque
989 2613 1085 2664 Vratis·

192 2681 312 2735 lorlensis
332 2679 407 2730 editio
425 2688 539 2732 servatur
557 2681 618 2730 lolia
633 2683 792 2745 quaternaria
806 2683 864 2732 Vlll
878 2697 996 2732 uersuum
1011 2680 1086 2730 XXX

191 2751 329 2811 conduens,
345 2750 414 2799 urbis
430 2751 490 2799 enni
503 2750 656 2816 typographi
664 2751 765 2802 indiciis
774 2751 901 2806 destituta,
916 2750 951 2800 ite
963 2751 1086 2816 incipiens

193 2822 221 2873 0.
237 2819 349 2871 Suetonii
362 2817 502 2883 Tranquilli
520 2820 551 2867 de
567 2833 690 2882 procureu-
705 2819 709 2884 Ι
725 2822 795 2870 ticis:
812 2827 837 2868 et
852 2819 991 2870 rhetoribus
1008 2818 1087 2868 claris

192 2889 297 2941 libellus.
335 2887 370 2936 itu
394 2887 513 2937 desinens
538 2887 665 2940 abstinens
686 2889 749 2939 cibo.
770 2884 775 2949 Ι
795 2886 909 2938 Suetonii
932 2889 1032 2953 Triqlli
1056 2889 1089 2938 cte

191 2959 268 3009 claris
292 2957 458 3007 dramaticis:
484 2955 507 3004 de
528 2956 662 3007 rbetorib0.
684 2959 761 3008 dium.
805 2957 977 3025 Bibliographi
997 2957 1088 3007 docent

193 3027 335 3076 adiunctum
350 3026 410 3075 olim
423 3023 503 3075 luisse
518 3026 606 3091 Apicio
625 3027 697 3076 dere
712 3025 856 3090 coquinarie
870 3027 968 3077 circiter
982 3041 1006 3076 a.
1019 3022 1088 3076 1500

192 3095 305 3146 Venellis
321 3110 367 3161 per
382 3093 564 3144 bernardinum
578 3095 701 3144 Veretum
719 3095 853 3162 impresso.
888 3093 1020 3160 Lipsiense
1042 3109 1088 3144 ex·

193 3163 302 3229 emplum
317 3179 332 3214 a
348 3163 472 3212 Moebio
493 3165 600 3214 missum
620 3162 753 3214 conferens
767 3164 829 3214 vitia
844 3163 968 3228 quaedam
982 3162 1087 3213 moren-

193 3232 260 3280 tinae
274 3233 390 3282 editionis
407 3231 513 3296 subdam,
527 3247 608 3298 pauca
623 3247 690 3283 nove
703 3233 772 3282 illata
783 3231 892 3299 cognovi
907 3247 955 3298 ope
973 3239 1001 3281 ut
1015 3229 1087 3280 vide·

192 3307 234 3348 tur
248 3299 362 3351 editionis
379 3303 491 3351 incertae
513 3315 537 3350 a.
559 3303 638 3360 tuter
656 3301 691 3352 ita
706 3316 733 3367 p.
750 3301 816 3366 267,
840 3303 872 3352 27
893 3299 967 3351 habet
980 3298 1085 3362 Scripsit

192 3382 252 3418 nero
267 3383 302 3417 em
315 3372 405 3429 carim
420 3385 445 3435 p.
463 3369 522 3432 269,
538 3370 571 3421 28
587 3378 671 3432 porta.

226 3437 252 3489 2.
276 3436 373 3488 Veteris
390 3438 506 3488 editionis
520 3437 716 3490 Mediolanensis
736 3439 786 3488 lec.
801 3437 959 3503 Bongarsius
978 3454 1001 3488 n.
1019 3437 1089 3490 1595

190 3503 340 3556 Gusaubono
357 3520 427 3570 spem
445 3505 554 3566 iecerat,
571 3507 617 3556 sed
634 3521 685 3555 nou
703 3507 830 3557 inventam
845 3508 943 3559 mittere
961 3521 1011 3559 non
1030 3519 1076 3572 pot
