2468 3912
146 201 187 262 62
228 211 259 258 c.
277 207 428 257 suanum
443 205 571 263 naxo.
586 205 635 250 os
648 204 732 250 urus
747 203 931 250 messum
944 203 1015 250 nna.
1030 203 1068 249 11.

145 369 216 430 satis
232 365 345 438 babuit,
369 380 433 420 cum
454 359 505 419 ille
520 359 673 438 Agrippae
694 359 808 417 iuvenis
827 357 943 416 nomine
958 358 1150 437 asperrimam

145 454 182 512 de
198 469 231 510 sc
245 447 399 526 epistolum
413 447 442 502 in
455 443 562 521 uulgus
576 443 730 518 edidisset,
752 441 800 501 bic
822 441 957 500 convivio
973 442 1061 520 pleno
1078 460 1149 520 pro·

146 536 316 606 clamasset,
337 547 433 606 neque
453 537 551 594 votum
575 527 630 586 sibi
654 544 751 605 neque
771 527 893 585 anbnum
916 526 1022 586 deesse
1044 526 1149 586 conlo-
1224 533 1225 600 l

146 617 242 678 baudi
256 633 330 674 eum.
365 611 494 688 Quadam
508 629 580 671 rero
597 612 782 688 cognitione,
798 629 862 670 cum
876 609 1004 670 Aemilio
1019 609 1148 670 Aeliano

147 698 329 762 Cordubensi
344 698 418 756 inter
434 706 533 757 cetera
551 697 669 756 cumina
682 695 731 754 rel
746 695 869 753 maxime
886 694 1053 754 obiceretur
1067 694 1170 772 quods

146 784 221 846 male
236 783 348 862 opinari
370 781 406 840 de
421 779 550 840 Caesare
565 780 692 855 soleret,
714 796 874 838 conversus
893 777 931 838 ad
945 787 1149 838 accusatorem

148 876 349 944 commotoque
360 865 459 924 simdis
477 863 588 940 Velim,
603 865 708 942 inquit,
722 863 783 924 boc
792 862 866 922 mibi
874 861 1013 940 proban
1026 860 1149 940 faciam

147 955 230 1014 sciat
243 948 393 1011 Aelianus
413 956 442 1009 et
460 968 510 1008 mc
527 949 663 1028 mquam
683 945 815 1022 babae,
837 947 935 1024 pluro
955 947 1034 1007 miae
1049 946 1089 1006 dc
1111 965 1149 1008 ec

148 1039 282 1116 loquur;
302 1053 358 1094 nec
380 1035 532 1112 quicquam
553 1034 628 1092 ultra
649 1041 697 1090 aut
711 1032 806 1091 statim
826 1040 875 1091 aut
891 1039 995 1109 postea
1008 1032 1148 1108 inquisiit.

148 1121 266 1182 'liberio
287 1137 403 1198 qnoque
424 1117 461 1178 de
480 1116 648 1192 eademne,
669 1116 723 1176 sed
742 1115 914 1192 violentius,
942 1115 1019 1194 apud
1041 1133 1074 1174 se
1093 1133 1181 1194 perro

148 1204 301 1285 epistolam
318 1203 506 1281 conquerenti
521 1203 559 1262 ita
576 1201 743 1279 rescripsit:
760 1197 1147 1275 cucumerarium,

147 1290 213 1351 noli
233 1289 266 1348 in
284 1287 346 1348 ltuc
364 1305 400 1346 rc
419 1286 578 1365 indalqcrc
595 1291 624 1344 ct
641 1285 766 1344 adamat
787 1282 947 1363 indiquors‘
967 1301 1149 1362 quemquam

149 1391 232 1448 esec,
248 1371 354 1452 quide
369 1371 692 1448 memolcloquutur,·
711 1369 792 1428 sutis
807 1375 853 1428 cst
867 1369 961 1444 essu,
977 1367 1076 1428 siloc
1087 1366 1146 1427 ta·
1213 1387 1225 1436 u

150 1457 256 1518 bemus
268 1473 308 1514 ue
322 1455 391 1535 quis
405 1454 497 1515 uobis
509 1455 591 1514 mdc
603 1452 712 1532 fucere
721 1453 833 1532 possit.

106 1548 142 1604 52
212 1539 349 1616 Templa,
366 1539 496 1616 qnamffi
511 1541 600 1598 sciret
614 1538 698 1598 etiarn
713 1535 938 1616 proconsulibus
959 1536 1078 1596 decerni
1099 1553 1147 1596 so
1158 1555 1183 1596 ιε

150 1626 228 1697 lere,
248 1623 277 1679 in
297 1622 376 1680 nulla
389 1630 484 1680 tamen
498 1623 649 1701 provincia
669 1623 724 1681 nisi
745 1623 885 1681 communi
909 1637 963 1680 sno
976 1620 1148 1698 Romaeque

65 1775 69 1780 ,
150 1707 266 1767 nomine
280 1706 394 1782 recepit
410 1707 491 1784 (narn
505 1706 534 1764 in
550 1705 622 1764 urbe
637 1705 751 1784 quidcm
767 1705 998 1786 pertinacissime
1011 1703 1149 1764 abstInuit

149 1791 206 1850 boc
226 1787 354 1865 bonore)
375 1797 462 1866 atque
474 1790 560 1848 etiam
577 1799 732 1866 argenteas
749 1799 858 1850 statuas
880 1789 947 1850 olim
965 1788 1020 1848 sibi
1034 1788 1148 1866 positas

151 1873 286 1935 conflarit
306 1873 397 1932 omnis
418 1891 513 1952 exque
534 1874 570 1932 iis
590 1891 693 1934 aureas
718 1875 844 1934 cortinas
861 1873 991 1953 Apollini
1016 1871 1147 1932 Palatino

151 1957 305 2018 dedicarit.
1153 1975 1182 2016 ao

210 2041 384 2102 Dictaturam
405 2060 509 2120 magna
530 2043 559 2101 ri
581 2042 721 2102 offerente
744 2041 871 2120 popolo,
896 2059 974 2118 genu
994 2042 1078 2100 nixus
1097 2039 1146 2100 de-

108 2128 224 2192 salceta
246 2125 281 2186 ab
299 2127 406 2186 umeris
426 2135 496 2204 toga
516 2126 735 2205 nudo,pectore
752 2126 926 2205 deprecatus
945 2133 999 2184 est.
1030 2124 1148 2183 Domini

150 2210 376 2292 appellationem
397 2220 427 2269 ut
446 2210 628 2271 maledictum
645 2219 674 2269 et
695 2210 883 2289 obprobrium
904 2227 1020 2288 semper
1039 2207 1146 2268 eubor-

150 2295 216 2354 ruit.
249 2292 338 2370 Cum,
354 2302 505 2371 spectante
521 2312 557 2354 eo
572 2294 672 2370 ludos,
689 2296 898 2372 pronuntiatum
911 2295 1029 2352 assatio
1041 2293 1145 2352 mimo:

151 2374 177 2436 0
197 2376 350 2436 domiuum
370 2395 498 2456 acptum
520 2385 551 2438 et
569 2377 700 2438 bouum!
721 2386 751 2438 et
773 2379 900 2438 universi
921 2378 1004 2456 quasi
1022 2375 1058 2436 de
1078 2377 1186 2454 ipson

150 2460 255 2519 dictum
277 2461 439 2520 exultantes
463 2462 718 2540 comprobassent,
742 2473 770 2522 et
791 2463 883 2522 statim
902 2479 986 2521 manu
1006 2459 1147 2538 vultuque

149 2541 302 2602 indecoras
317 2543 495 2605 adulationes
516 2548 657 2624 repressit
680 2555 710 2606 et
724 2547 885 2625 insequenti
902 2545 949 2605 die
969 2544 1146 2622 gravissimo

152 2627 292 2704 corripuit
308 2627 420 2696 edicto;
437 2627 636 2708 dominumque
651 2649 684 2690 se
697 2630 820 2708 posthac
831 2629 975 2708 appellari
988 2647 1025 2688 ue
1042 2647 1058 2688 a
1073 2627 1146 2687 libe-

150 2713 191 2771 ris
204 2709 319 2789 quidem
339 2720 387 2771 aut
405 2713 561 2791 nepotibus
576 2715 636 2774 sois
651 2714 700 2774 vel
719 2716 798 2774 serio
812 2714 861 2774 rel
882 2715 949 2774 ioco
965 2731 1071 2792 passus
1087 2721 1145 2788 est,

150 2805 236 2874 atquc
256 2795 318 2855 eius
336 2795 414 2855 modi
434 2796 586 2858 blanditias
601 2799 686 2859 etiam
701 2800 775 2858 inter
790 2799 872 2878 ipsos
891 2798 1047 2877 prohibuit.
1077 2794 1145 2855 Nou
1156 2821 1186 2864 30

149 2887 257 2940 temere
271 2879 341 2941 urbe
357 2880 505 2959 oppidove
526 2881 586 2942 ullo
602 2901 741 2960 egressus
760 2891 808 2942 aut
829 2901 972 2960 quoquam
993 2882 1146 2959 ingressus

150 2971 194 3023 est
207 2963 262 3024 nisi
278 2980 404 3044 vespera
422 2975 470 3026 aut
481 2977 584 3045 noctu,
600 2986 637 3027 ne
653 2986 739 3045 quem
754 2967 845 3026 officii
861 2985 948 3028 causa
959 2966 1145 3044 inquietaret.

148 3045 181 3105 lu
198 3049 346 3109 consulatu
363 3049 485 3126 pedibus
504 3051 586 3128 lere,
609 3061 690 3111 extra
706 3051 884 3112 consulatum
899 3069 990 3129 saepe
1006 3049 1146 3127 adaperta

149 3129 221 3189 sella
236 3150 289 3209 per
303 3132 448 3210 publicum
462 3135 591 3196 incessit.
621 3135 795 3196 Promisculs
811 3134 1031 3196 salutationibus
1044 3133 1145 3194 admit

149 3211 228 3269 tebat
247 3223 276 3272 et
298 3216 430 3294 plebem,
457 3227 535 3279 tanta
563 3221 696 3280 comitate
719 3219 881 3280 adeuntium
902 3218 1044 3279 desideria
1065 3217 1186 3282 cxci-as

151 3296 247 3370 piens,
268 3305 298 3354 ut
312 3300 453 3376 quendam
469 3303 536 3363 ioco
553 3304 740 3380 corripuerit,
763 3304 839 3381 quod
860 3305 907 3366 sic
926 3303 989 3364 sibi
1010 3301 1147 3364 libellum

97 3383 113 3410 ἵ
147 3375 309 3452 porriqcre
324 3380 495 3460 dubitaret,
517 3385 610 3464 quasi
622 3385 782 3463 elephanto
799 3387 917 3466 stipcsu.
957 3387 1013 3448 Die
1028 3392 1147 3447 senatus

149 3475 300 3536 numquam
320 3473 419 3538 patres
440 3469 496 3526 nisi
514 3469 542 3526 in
564 3469 642 3528 curia
663 3468 798 3529 salutavit
821 3481 850 3529 et
873 3470 987 3550 quidem
1004 3470 1146 3544 sedentis,

178 3583 375 3644 >uacuus
399 3597 413 3648 3
