2434 3908
491 237 698 284 PRAEFATIO.
896 236 1041 284 LXXXVII

132 391 225 470 tet⁸¹).
272 395 396 452 Omnium
416 399 535 468 optimus
564 403 592 452 et
618 413 653 452 ex
678 396 870 468 antiquissimo
895 395 1037 452 derivatus

132 485 177 536 es'.
193 481 266 536 libor
283 479 433 535 bernensis
449 485 515 550 370,
535 481 581 551 qui
597 496 661 536 raro
683 481 854 552 reliquorum
873 497 927 553 ope
943 496 1036 536 emen-

132 564 195 620 dari
218 570 327 636 potest,
354 565 484 621 nonnulla
509 565 585 619 solus
610 571 687 620 recte
715 561 892 640 servavitffl).
937 564 981 620 Ad
1008 563 1035 620 id

132 648 290 719 exemplum
316 648 371 703 duo
394 647 528 703 librorum
553 665 658 719 genera
683 649 751 704 satis
776 649 849 704 inter
873 665 904 705 se
925 649 1035 704 diversa

133 737 162 786 et
177 731 250 786 fluxa
271 731 326 786 lide
347 731 462 786 alterum
478 734 567 789 altero
583 733 681 788 melius
697 732 776 802 quasi
794 733 910 788 alternis
926 731 1036 788 vicibus

132 815 271 871 accedere
293 815 393 869 solent.
436 816 532 871 Priore
554 816 732 872 Cascellauns
752 815 904 872 Wittianns
927 815 1037 872 Poroli-

132 897 228 954 nensis
248 915 308 954 cum
325 898 447 956 editione
467 900 594 972 principe
614 899 781 970 continetur,
797 901 914 956 alterum
930 899 1038 955 llonte-

132 983 300 1054 pessulauus
323 988 351 1037 et
370 983 511 1039 Parisinus
527 989 596 1043 7502
617 984 784 1054 longiusque
806 985 880 1040 haud
904 1001 968 1040 raro
987 983 1037 1039 ab·

133 1072 260 1121 errantes
274 1065 415 1123 Parisinus
426 1073 495 1127 8039
507 1074 535 1123 et
548 1068 696 1124 Berneusis
710 1073 743 1125 45
760 1083 821 1122 oum
834 1067 946 1124 canteri
962 1066 1037 1122 libro

133 1149 314 1205 constituunt.
359 1150 425 1206 cum
451 1151 548 1222 priore
575 1150 661 1222 igitur
689 1167 794 1220 genero
816 1149 965 1207 Berncusis
987 1148 1036 1204 ille

133 1237 185 1292 370
200 1234 233 1289 eh
252 1233 334 1290 initio
351 1234 536 1291 additamento
554 1235 690 1291 nominum
706 1234 778 1289 liber
797 1241 850 1304 est,
863 1251 924 1289 cum
939 1239 1036 1304 poste-

133 1317 211 1372 riore
226 1319 330 1373 nullum
348 1319 511 1374 vocabulum
528 1320 683 1376 desiderari
698 1334 798 1389 passus
816 1324 859 1374 est
873 1335 900 1390 p.
916 1322 978 1386 299,
994 1321 1038 1374 20.

132 1405 178 1458 21.
200 1407 243 1461 36.
291 1401 407 1472 Singula
424 1402 557 1458 notabilia
574 1405 643 1459 baec
659 1403 719 1458 iere
735 1409 812 1458 suut:

197 1490 265 1554 299,
289 1488 321 1542 15
343 1502 360 1538 a
382 1486 722 1556 Baumgarteu-Crusins‚
745 1505 762 1541 o
784 1488 832 1544 Cn.
857 1486 965 1541 Weber
984 1501 1037 1558 pro

131 1587 195 1624 cam
213 1564 220 1646 Ι
239 1587 300 1624 cnm
323 1571 452 1642 Pompeio
473 1587 490 1623 a
509 1571 628 1627 Caesare
648 1572 760 1629 Grotius
780 1565 784 1649 Ι
803 1577 838 1630 24
857 1571 989 1626 recitante
1006 1583 1038 1626 se

134 1651 270 1707 Gruterus
286 1669 337 1724 pro
356 1657 494 1722 recitante,
515 1659 668 1725 recitantes,
692 1659 849 1712 recitantem
869 1647 873 1732 Ι
892 1661 925 1713 25
945 1667 1037 1709 reces-

132 1737 202 1789 sisse
225 1737 296 1791 Beru
310 1741 370 1796 370.
414 1742 526 1795 recessit
548 1741 687 1800 Psr8039.
732 1740 870 1797 Neronem
891 1740 1038 1794 recessisse

133 1817 280 1876 canterus.
324 1836 385 1875 cnm
406 1826 564 1878 recessisset
587 1823 765 1880 Omnibonus.
811 1825 969 1878 recessisset
990 1839 1037 1877 re-

132 1903 202 1972 liqui
222 1894 228 1982 Ι
246 1909 281 1964 26
292 1905 408 1974 posthac
423 1907 549 1967 Par7502
568 1899 574 1984 Ι
592 1913 627 1966 28
641 1911 735 1963 emisso
751 1907 819 1980 Edd.
839 1903 934 1979 (male.
954 1905 1037 1960 simi-

134 1985 199 2040 liter
216 1988 294 2042 alnus
309 1987 380 2042 deici
401 1996 429 2044 et
450 1991 615 2045 descendere
630 1991 749 2061 dicitur,
767 1991 831 2061 equi
849 1996 969 2044 ventrem
987 1989 1035 2060 fa-

133 2067 212 2146 cere)
245 2062 249 2150 Ι
275 2075 431 2130 senatres
458 2072 627 2129 Omnibonus
652 2091 704 2144 pro
732 2076 821 2128 multis
846 2067 851 2146 Ι
882 2079 915 2132 36
935 2087 1036 2142 parem

134 2153 262 2210 omittunt
278 2172 373 2212 omues
392 2164 504 2229 praeter
518 2159 658 2216 uetusto.
685 2158 806 2228 Montep.
825 2157 961 2215 Parisoi.

136 2237 281 2244 ...-

201 2269 248 2334 81)
277 2272 314 2321 De
337 2271 507 2320 Bonnensibus
536 2285 578 2320 no.
597 2271 631 2318 45
658 2277 682 2318 et
700 2269 751 2321 370
772 2269 832 2318 olim
853 2267 1036 2333 Bongursiauis

133 2355 200 2390 saco.
217 2339 251 2388 X.
272 2341 372 2406 scriptis
388 2339 515 2404 copiosius
532 2339 635 2404 exponit
652 2337 742 2388 Siuuer
753 2353 778 2404 p.
793 2336 852 2389 507.
866 2335 925 2386 510.
961 2337 1035 2388 nius-

132 2409 190 2458 dem
209 2409 299 2458 aetetis
316 2409 432 2458 dicuntur
449 2423 505 2458 esse
523 2408 631 2458 Parisiui
651 2407 734 2474 Regii,
751 2407 813 2456 alter
828 2421 870 2456 no.
889 2404 957 2457 7502
976 2407 1036 2456 olim

133 2476 302 2536 (lelbertinns
321 2476 383 2527 alter
404 2475 547 2527 8039011111
566 2475 671 2526 Thuani.
708 2476 768 2525 Illos
786 2491 843 2525 mea
860 2476 944 2541 gratia
960 2475 986 2526 0.
1006 2475 1035 2524 L.

133 2547 173 2596 dc
189 2544 344 2610 Steiger,
361 2545 408 2596 hos
426 2547 486 2598 Iac.
500 2546 676 2595 Hunuiker
693 2545 858 2607 contulerant,
875 2560 930 2594 cum
947 2555 1036 2611 postea

133 2615 237 2664 eosdem
266 2616 292 2663 in
313 2615 449 2680 scriptione
467 2615 610 2672 academica
630 2614 712 2665 caron
737 2613 777 2663 Pr.
794 2613 889 2665 Weber
906 2613 1035 2678 Morburgi

133 2698 157 2735 a.
178 2681 246 2732 1850
270 2683 337 2732 edite
360 2692 413 2732 tam
438 2682 574 2750 diligenter
597 2683 701 2734 collatos
722 2684 823 2748 reperi,
847 2691 875 2733 ut
899 2681 1034 2732 admodum

132 2767 214 2818 panca
232 2749 295 2800 mihi
310 2751 396 2801 relicte
414 2752 464 2802 sint
482 2753 522 2802 vel
540 2753 657 2802 addenda
674 2753 713 2802 vel
738 2752 904 2800 emendanda.
931 2775 965 2788 -
998 2749 1036 2797 De

132 2819 355 2886 Moutepessulnno
374 2835 415 2874 no.
434 2821 498 2882 113,
518 2822 578 2870 olim
600 2821 703 2870 Buherii
716 2821 892 2881 Divionensis,
918 2834 984 2868 saec.
999 2815 1034 2864 lX

132 2897 242 2938 exeunte
258 2889 350 2954 scripto
366 2889 411 2939 cir.
427 2888 563 2954 catalogue
581 2890 685 2954 general
699 2891 744 2939 des
759 2888 912 2937 manuscrits
928 2888 974 2937 des
990 2884 1033 2934 de-

132 2964 288 3022 partemeuts
306 2959 319 3006 1
338 2974 363 3023 p.
389 2957 448 3008 325.
484 2957 606 3008 Collatum
623 2956 710 3007 habuit
728 2955 921 3020 Oudendorpius
939 2971 955 3004 u
971 2954 1034 3004 Dor·

132 3025 211 3077 rillio.
233 3053 266 3061 -
284 3025 446 3076 casselanus
465 3026 529 3077 liber
552 3041 617 3076 saec.
637 3024 692 3076 XII.
713 3034 737 3076 et
750 3025 921 3074 Berolineusis
938 3037 980 3073 no.
1000 3021 1035 3074 35

132 3109 198 3143 saec.
218 3092 288 3148 XIV.
309 3095 377 3160 apud
394 3095 532 3144 Weberum
546 3095 630 3145 collati
646 3095 813 3159 reperiuntur.
833 3119 866 3127 —
883 3090 1035 3157 Deperditus

131 3163 297 3213 essevidetur
316 3165 396 3213 codex
412 3179 477 3214 saec.
490 3164 523 3216 X.
540 3165 571 3214 ab
584 3161 760 3227 Oudendorpio
779 3175 829 3210 uon
847 3161 909 3210 satis
925 3160 1034 3226 diligen·

132 3238 170 3280 ter
189 3231 310 3293 collatus,
331 3248 404 3296 quem
424 3232 484 3282 olim
503 3233 617 3284 Sixtiuus
634 3238 658 3280 et
676 3230 775 3288 sixtus,
794 3244 818 3280 a.
840 3229 906 3279 1727
926 3230 1033 3280 loannes

131 3299 163 3349 de
180 3299 245 3349 Wltt
263 3301 409 3366 possidebat
426 3310 527 3352 senator
544 3299 794 3350 Amstelodamensis.

199 3366 246 3432 82)
265 3369 329 3420 Male
343 3386 368 3436 p.
382 3369 450 3430 290,
469 3371 502 3422 37
520 3379 552 3431 et,
570 3384 596 3435 p.
615 3367 681 3429 300,
700 3368 716 3418 0
734 3369 833 3417 venalia
850 3367 933 3417 omisit
953 3367 1032 3428 solus»,

130 3452 154 3501 p.
169 3435 229 3497 290,
247 3436 281 3488 34
292 3441 466 3500 praedicenda
479 3439 554 3489 habet
570 3453 626 3487 cum
643 3438 779 3502 plerisque.
804 3437 874 3486 Idem
885 3437 1034 3488 coluerant

131 3519 155 3570 p·
168 3505 229 3567 209,
241 3506 275 3558 25
288 3512 433 3570 recessisse,
445 3525 471 3576 p.
482 3507 542 3570 300,
557 3506 702 3559 decorauit
713 3505 829 3556 ostendit.
