2434 3908
445 203 654 282 1111111110.
909 235 995 282 xxxi

98 414 146 470 que
161 395 331 451 editionibus
348 395 521 466 principibus
537 397 697 466 plerumque
714 411 773 448 cum
790 394 873 449 tertio
889 411 994 464 genere

98 481 215 547 iaciunt,
242 481 315 550 quod
330 496 412 550 supra
433 479 493 536 Par.
510 485 586 538 6116.
602 481 672 533 bled.
690 486 706 534 2
725 484 777 533 etc.
795 479 908 532 efficere
924 477 994 547 dixi,

97 573 123 620 111
138 581 198 618 cutn
213 581 240 634 p.
258 568 369 632 207,10
389 565 495 617 maiora
518 569 543 617 et
562 566 699 622 tristiora:
720 579 746 633 p.
763 568 831 630 2083
846 567 881 620 34
900 563 994 632 gibbus

94 650 134 704 cel
147 664 229 708 carm
243 666 270 719 p.
288 653 355 715 214,
373 653 404 705 16
420 653 446 700 et
461 648 538 718 apud
551 647 715 702 Ueliternum
730 646 861 718 scriptum
876 647 993 708 babeni3

93 751 120 805 p.
135 738 203 800 229,
220 736 253 789 21
271 731 422 786 sedentem:
437 749 464 802 p.
483 738 550 798 236,
566 737 599 789 26
613 733 651 784 od
665 732 927 802 extemporalitatem
944 745 993 784 us·

92 831 144 888 que
158 815 292 870 omittunt.
336 815 422 870 iidem
437 822 526 870 tamen
542 815 607 868 libri
624 817 697 886 quod
719 833 746 886 p.
762 821 823 882 217,
840 820 872 873 27
891 814 992 885 factio-

94 915 136 954 ms
151 915 233 961 suum
247 917 274 970 p.
291 905 353 968 238,
370 906 400 956 11
416 901 532 954 aduerso
548 915 659 953 rumore
668 922 675 957 ;
696 917 722 970 p.
738 905 799 968 243,
814 905 848 956 20
863 900 930 969 quid
943 898 996 952 sibi

92 984 209 1042 habent:
235 985 309 1053 quod
324 1000 351 1055 p.
368 988 435 1052 248,
460 990 494 1042 34
514 985 588 1037 intra
609 983 703 1037 urbem
720 983 861 1044 omittunt:
884 1000 912 1054 p.
932 986 993 1049 117,

91 1074 128 1126 24
145 1067 401 1137 praecipitandum
422 1084 448 1139 p.
469 1073 538 1136 240,
561 1074 574 1124 1
596 1069 625 1120 in
639 1082 732 1123 servos
753 1067 870 1135 addunt,
892 1068 926 1122 ad
947 1083 995 1121 se-

92 1152 209 1206 cundum
225 1151 359 1205 librorum
373 1167 480 1220 genus,
499 1151 576 1205 cuius
597 1158 660 1206 sunt
675 1151 816 1206 Mediceus
837 1158 867 1218 1,
889 1151 994 1204 Tornu-

92 1236 186 1290 censis
203 1242 254 1288 etc.
272 1236 392 1288 correcti
414 1242 492 1304 sunt,
516 1251 571 1290 11011
593 1236 747 1305 aequaliter
763 1235 871 1305 quidem
889 1250 994 1300 omnes,

90 1313 145 1376 sed
160 1326 189 1372 ut
203 1319 260 1374 fors
274 1318 383 1373 serebat
396 1320 478 1373 modo
492 1320 587 1390 plures
603 1320 685 1373 modo
702 1318 862 1390 pauciores,
879 1324 933 1370 tum
949 1333 994 1370 ra-

91 1403 152 1458 rius
167 1408 221 1458 turn
237 1402 374 1458 crebrius.

156 1487 237 1541 Plane
254 1487 349 1542 eadem
367 1503 413 1540 res
430 1487 463 1540 de
475 1487 518 1541 his
536 1487 655 1557 quinque
669 1485 814 1540 codicibus
830 1485 994 1552 Pinelliano‚

90 1571 289 1626 Fouoaultiano
308 1577 336 1624 et
351 1571 546 1640 Friburgensi,
565 1577 618 1625 tum
641 1571 675 1624 de
693 1570 823 1625 Gordiano
842 1569 995 1624 011111110-

89 1655 211 1710 bonensi
225 1649 285 1727 2²¹)
302 1655 418 1709 dicenda
435 1661 491 1719 est,
511 1654 563 1708 nisi
580 1655 653 1724 quod
669 1654 732 1708 aliis
748 1655 819 1708 locis
836 1661 864 1708 et
879 1654 913 1708 ab
930 1653 994 1707 aliis

87 1832 164 1901 publ.
182 1845 255 1892 quem
270 1829 332 1878 Phil.
346 1831 465 1881 Rullaeus
478 1839 501 1880 et
515 1831 602 1882 Franc.
617 1833 807 1898 Oudendorpius
821 1834 920 1883 Graevii
932 1832 996 1882 Bur-

86 1899 232 1961 mannique
250 1899 332 1963 gratia
356 1900 526 1958 contulerunt;
551 1903 598 1952 sub
616 1902 691 1952 finem
709 1902 767 1951 Divi
784 1904 841 1952 lulii
858 1904 928 1951 deest
943 1909 995 1949 tota

85 1968 198 2038 pagina.
222 1993 254 2002 -
279 1966 505 2018 corsendoneensis
531 1971 632 2036 collegii
658 1972 767 2035 itemque
791 1972 877 2020 Alvari
903 1968 995 2020 Nonnii

86 2037 185 2089 medici
207 2035 334 2084 codicibus
352 2050 413 2085 usus
429 2046 466 2086 est
483 2036 631 2088 Theodorus
645 2039 799 2089 Pulmannus
822 2055 844 2088 a.
871 2041 946 2089 1574.
962 2064 994 2070 -

87 2105 161 2162 11111,
188 2103 390 2168 Lindenbrogius
414 2107 506 2155 codicis
533 2108 618 2156 nescio
642 2109 713 2156 cuins
737 2109 875 2172 specimina
901 2106 996 2156 Gesan-

86 2179 160 2226 bono
175 2173 278 2222 donavit
296 2187 319 2220 a.
339 2173 412 2224 15911.
431 2175 584 2224 —Librum
604 2177 788 2225 Ferraricnsern
804 2176 821 2224 i.
842 2191 864 2226 e.
883 2175 926 2237 qui
939 2173 996 2220 fue-

88 2252 133 2295 rat
150 2243 211 2292 olim
234 2242 269 2291 lo.
291 2242 362 2308 Bapt.
389 2243 492 2292 Panaeti
516 2245 697 2302 Ferrariensis‚
721 2244 868 2293 Torrentius
885 2259 908 2292 a.
931 2240 997 2291 1578

88 2311 228 2363 consuluit.
247 2337 281 2346 —
303 2310 538 2360 Vratislnvicnsium
557 2312 676 2362 librorum
691 2313 717 2360 in
733 2313 793 2361 bibl.
810 2311 998 2376 Rehdigeriana

89 2381 234 2448 positorum
249 2378 275 2429 (l.
295 2380 324 2428 E.
344 2379 401 2430 Chr.
422 2379 559 2430 Schneider
575 2381 602 2428 in
619 2389 805 2447 programmate
824 2397 846 2430 a.
869 2382 933 2432 1817
953 2395 998 2428 ex·

89 2457 195 2512 eerptas
212 2448 335 2510 quasdam
354 2448 474 2497 lectiones
491 2450 577 2512 edidit,
596 2452 641 2499 sed
661 2451 758 2513 (nescio
770 2465 815 2499 cur
831 2459 882 2499 tam
895 2449 997 2500 sinistro

88 2517 201 2568 consilio
220 2515 295 2580 usus)
314 2524 410 2566 tentum
422 2532 466 2566 eas
485 2533 548 2580 quas
566 2519 700 2568 nemodum
713 2521 738 2568 in
753 2520 808 2568 aliis
823 2519 893 2568 libris
911 2518 998 2567 obser·

87 2594 188 2637 vassei.

167 2670 214 2734 21)
239 2672 311 2722 Ferd.
330 2671 418 2721 Pinelli
437 2673 492 2721 Itali
515 2672 604 2722 librum
622 2689 645 2723 a.
668 2673 734 2724 1569
752 2672 858 2723 Obertus
882 2671 997 2721 Gilenins

88 2741 211 2792 Venetiis
230 2740 348 2797 contulit:
363 2741 417 2789 eius
431 2741 570 2790 collationis
584 2743 714 2792 rarissima
733 2743 871 2807 specimina
888 2739 997 2788 Torren-

86 2812 145 2864 tius
171 2808 252 2869 dedit,
283 2809 358 2874 paulo
382 2809 457 2874 plura
480 2812 587 2859 loannes
613 2810 756 2860 Schellerns
779 2811 806 2859 in
828 2808 996 2858 Miscellaneis

87 2878 318 2931 observationibus
336 2885 354 2927 t.
383 2877 419 2927 IX
442 2892 468 2943 p.
487 2877 538 2928 328
556 2894 612 2942 sqq.
631 2907 665 2916 -
683 2879 782 2928 Codicis
800 2877 929 2928 cuiusdam
946 2874 996 2923 Ro-

88 2962 150 2999 mee
167 2961 190 2995 a.
210 2947 277 2996 1444
291 2947 391 3012 scripti,
409 2948 451 3009 qui
467 2946 521 2998 Nic.
536 2947 585 2996 los.
601 2948 728 2997 Foucaulti
744 2947 776 3012 (†
795 2945 874 3010 1721)
891 2943 946 3006 11111,
965 2957 997 2991 ex

87 3035 114 3068 a.
131 3016 199 3066 1737
218 3014 382 3064 bibliothecae
398 3023 501 3065 senatus
512 3017 651 3080 Lipsiensis
665 3017 727 3081 Rep.
742 3019 760 3065 1.
782 3016 826 3068 101.
837 3013 861 3064 9.
881 3021 928 3072 eat,
946 3025 996 3060 non

88 3085 270 3149 indiligentem
290 3083 449 3134 collationem
472 3084 640 3148 Baumgarten
656 3085 760 3134 drusius
784 3083 863 3148 repeti
884 3082 957 3130 iussit
975 3080 995 3128 1.

89 3171 124 3221 pa
139 3153 199 3202 XV.
213 3178 249 3188 —
263 3153 458 3218 Fribnrgensem
475 3155 585 3202 codicem
602 3169 659 3202 eum
670 3154 735 3212 dieo,
755 3168 830 3214 quem
847 3150 905 3199 olim
921 3151 995 3214 signo

89 3223 132 3272 τΡ.
147 3221 194 3271 ὅθ’
207 3222 351 3272 distinctum
370 3222 457 3271 senilis
472 3237 563 3271 manus
579 3221 630 3270 Ios.
649 3222 706 3272 P....
721 3221 792 3286 Mop.
806 3220 839 3270 23
853 3219 915 3270 Nou.
931 3215 997 3270 1818

88 3291 197 3344 indubie
218 3305 326 3352 prorsus
350 3307 423 3339 manu
446 3306 513 3341 saec.
542 3292 679 3341 duodecimi
700 3291 821 3354 scriptum
844 3289 997 3353 persuadere

88 3361 184 3420 voluit,
200 3369 253 3408 tum
270 3360 393 3424 Iosephus
411 3360 539 3425 Lussberg
559 3360 713 3424 Mogontiaci
726 3360 794 3418 emit,
810 3365 898 3423 postea
916 3356 997 3420 (anno

6 3481 9 3500 .
88 3431 195 3479 circiter
213 3427 289 3488 1830,
308 3429 340 3476 01.
353 3427 461 3492 Golbtry
480 3431 561 3478 notice
580 3445 623 3478 sur
638 3428 748 3478 Suetone
764 3442 790 3492 p.
809 3424 854 3488 11)
870 3427 905 3476 10.
917 3425 995 3474 Leon.

89 3499 152 3563 Hug
169 3498 347 3547 celeberrimus
363 3495 498 3562 theologus
511 3513 557 3548 suo
574 3498 621 3547 sibi
639 3512 696 3547 aere
713 3495 867 3562 comparavit
883 3502 907 3542 et
920 3501 1015 3542 testu--
