2434 3908
475 242 682 292 PRAEFATIO.
798 251 801 259 “
973 242 1022 291 vn

122 403 347 480 proconsulatum
360 402 549 474 Bithynicum,
571 401 601 458 id
616 407 660 457 est
672 401 744 457 iutra
764 418 850 460 annos
865 406 898 463 97
914 407 942 458 et
959 407 1024 468 1083

123 490 171 562 qui
187 487 259 544 euim
273 487 396 544 decimus
411 486 527 542 inscribi
545 485 635 555 solet,
648 485 722 541 liber
738 486 890 558 singularis
906 491 950 542 est
964 486 1025 560 epi-

122 573 256 632 stularum
277 571 313 627 ad
327 570 471 626 Traianum
489 575 516 625 et
533 588 548 625 a
565 568 682 625 Traiano
702 570 840 640 datarum,
863 571 944 642 isque
959 577 1024 642 post

121 655 348 732 proconsulatum
363 654 477 710 circiter
491 669 588 709 annum
604 658 654 712 112
669 653 760 710 editus
778 659 821 710 est
835 653 932 726 paucis
947 670 1023 709 men-

121 741 200 799 sibus
216 745 278 796 ante
293 737 375 794 Plinii
390 743 519 807 mortem,
540 743 570 792 ut
590 735 673 792 docet
687 735 798 794 llennen
817 737 852 794 ad
867 736 1023 793 Orelliauas

120 823 323 896 inscriptiones
338 827 396 895 31).
410 825 469 880 124.
514 821 629 893 Spectat
648 820 734 891 igitur
747 821 828 876 Plinii
844 821 1024 894 epistularum

122 906 285 978 Tranquillo
301 905 496 978 inscriptorum
512 903 699 961 uetustissima
718 920 804 961 annos
818 903 906 962 XXVI
925 920 1025 975 egres·

119 1009 198 1062 sum,
213 989 365 1047 novissima
381 987 621 1061 quadragesimum
634 989 752 1044 nondum
765 987 930 1059 ingressum.
955 988 1024 1044 Sunt

120 1091 192 1134 vero
204 1076 257 1131 hae
273 1078 423 1144 l‚18et24.
442 1079 469 1142 3,
476 1078 502 1131 8.
516 1080 544 1142 5,
551 1079 594 1130 10.
611 1077 638 1142 9,
649 1077 691 1131 34.
710 1079 752 1141 10,
763 1077 798 1132 ot
808 1077 836 1128 et
847 1079 880 1132 95
895 1072 939 1127 ed.
949 1071 1022 1128 lleil.

119 1159 153 1216 ln
166 1158 211 1214 his
228 1157 355 1230 epistulis
373 1156 477 1212 Plinius
490 1156 592 1211 honori
614 1161 641 1210 et
663 1155 812 1211 commodis
829 1156 927 1228 reique
944 1155 1024 1212 iami-

44 1273 48 1282 ·
120 1242 186 1299 liari
197 1240 323 1298 Suetonii
341 1240 369 1296 in
384 1239 593 1296 contubernium
611 1255 689 1295 suum
705 1238 813 1311 recepti
828 1239 954 1296 omnibus
965 1256 1024 1295 mo-

119 1326 166 1383 dis
182 1331 210 1382 et
224 1323 439 1396 diligentissime
456 1323 585 1380 consulit.
622 1323 798 1378 Tribunatum
813 1323 960 1378 militarem
974 1340 1024 1396 pe-

121 1409 193 1466 tenti
209 1409 367 1481 impetrauit
384 1424 536 1478 rursusque
551 1407 672 1480 petentis
689 1406 780 1479 gratia
796 1406 825 1461 in
839 1406 1024 1480 propinquum

93 1561 96 1568 Δ
121 1494 243 1566 aliquem
260 1493 415 1561 transtulit,
437 1491 546 1547 modico
567 1491 659 1563 pretio
678 1490 851 1563 praediolum
869 1491 931 1546 urbi
954 1489 1025 1548 vici·
1103 1513 1104 1520 ¹

120 1594 185 1633 num
206 1575 353 1645 multisque
368 1575 451 1636 rebus
467 1573 683 1631 commendatum
704 1573 892 1648 comparauit,
913 1591 1024 1630 causam

122 1661 196 1736 apnd
220 1658 407 1715 centumviros
432 1665 556 1715 acturum
583 1665 610 1714 et
635 1659 743 1715 somnio
768 1658 946 1731 perterritum
969 1674 1024 1715 non

121 1743 206 1800 modo
221 1741 317 1797 verbis
334 1743 495 1800 consolatus
511 1749 570 1814 est,
592 1743 643 1798 sed
665 1743 748 1798 etiam
763 1742 897 1798 dilatione
918 1742 1025 1814 aliquot

121 1827 231 1884 dicrum
248 1825 370 1896 expetita
386 1827 576 1897 confirmavit,
596 1827 624 1881 in
641 1826 818 1897 expoliendis
833 1826 938 1882 libellis
955 1841 1024 1897 quos

123 1909 224 1966 dudum
239 1908 400 1965 absolverat
413 1910 523 1964 nimium
542 1916 714 1966 cunctantem
729 1908 872 1966 blanditiis
888 1909 923 1964 ad
939 1909 1025 1965 eden-

123 1994 187 2069 dum
201 1993 364 2048 exhortatus
380 1998 431 2047 est.
461 1991 557 2062 Neque
574 1993 661 2049 miuus
678 1993 854 2064 Tranquillus
870 1992 960 2049 Plinio
975 1992 1025 2048 de-

122 2093 185 2134 cem
203 2075 263 2130 iere
281 2074 360 2130 annis
381 2075 479 2131 maiori
495 2075 703 2148 honoribusque
716 2077 828 2131 multum
849 2075 1025 2132 antecedenti

121 2176 230 2216 omnem
241 2157 428 2214 reverentiam
442 2159 602 2231 praestabat
616 2157 790 2227 et'eonsilio,
802 2157 827 2214 si
837 2175 889 2214 usn
900 2165 1026 2228 venerat,

122 2242 290 2311 adiurabat,
307 2241 427 2314 denique
443 2259 469 2297 a.
486 2247 536 2302 109
551 2258 612 2297 cum
625 2240 848 2299 extraordinario
864 2241 982 2314 imperio
997 2241 1024 2296 in
1124 2299 1128 2308 ,

122 2325 276 2396 bithyniam
292 2341 325 2380 ac
342 2325 456 2382 Pontum
469 2325 582 2382 missum
596 2325 741 2381 comitatus
753 2330 805 2380 est.
838 2323 949 2398 Operae
959 2342 1025 2399 pre-

60 2403 64 2412 '
121 2412 190 2466 tium
208 2415 252 2465 est
265 2409 362 2465 andire
379 2410 480 2481 quibus
496 2409 589 2466 verbis
605 2426 641 2465 ex
655 2408 784 2478 bithynia
802 2426 826 2466 a.
845 2416 897 2470 110
910 2409 1024 2483 scriptis
1053 2405 1061 2424 ⁹

121 2494 227 2550 Plinius
242 2492 329 2549 amico
344 2511 440 2565 parum
457 2493 526 2548 felix
541 2493 741 2549 matrimonium
756 2499 875 2566 experto
884 2493 927 2548 ius
942 2493 1024 2549 trium

121 2577 274 2634 liberorum
299 2593 315 2632 a
342 2577 459 2634 'lraiauo
487 2577 607 2634 caesare
633 2576 839 2649 impetraverit:
868 2575 1023 2634 Suetonium

123 2661 328 2732 Tranquillum,
345 2660 450 2732 inquit,
462 2661 655 2732 probissintum
667 2660 881 2718 honestissimum
897 2661 1024 2718 eruditu-

121 2747 221 2800 simum
235 2745 336 2814 cirum,
351 2749 378 2799 ei
389 2758 480 2800 mores
492 2746 550 2800 eius
562 2751 670 2801 secutus
686 2751 712 2801 et
723 2745 829 2814 studsb,
843 2747 899 2800 iam
911 2745 1023 2817 pn‘dem

121 2831 149 2884 iu
167 2827 371 2884 conches-nium
387 2828 531 2900 umumpsi
553 2833 679 2903 tantoque
698 2831 786 2901 mapcs
804 2829 917 2900 ditique
937 2830 1024 2900 coepi,

120 2917 224 2984 quanto
236 2909 310 2966 huuc
320 2913 569 2988 propius'irupeoei.

185 2993 320 3062 Quantum
335 3011 370 3051 ex
385 2995 430 3052 his
441 2995 574 3052 Plinianis
584 2995 656 3052 loeis
667 2991 828 3066 intelligere
844 2995 923 3064 licet,
937 2994 1024 3050 Tran-

124 3078 227 3150 quillus
253 3079 336 3134 nullis
361 3078 519 3135 muneribus
543 3086 590 3135 aut
611 3079 740 3134 militaris
759 3085 806 3134 aut
828 3077 959 3150 publicae
979 3077 1023 3134 rei

122 3162 233 3218 innotus
244 3163 380 3234 privatam
395 3179 428 3218 ac
443 3163 707 3218 scholasticam
722 3161 825 3218 vitam
841 3161 946 3232 exegit,
960 3162 1024 3218 dum

83 3297 87 3306 .
121 3244 239 3301 Plinium
256 3245 385 3318 epistulis
399 3245 556 3316 scribendis
572 3246 683 3302 adiuuat
700 3245 841 3317 otiumque
856 3245 902 3301 vel
921 3244 1024 3301 litteris

122 3328 257 3401 impendit
270 3330 316 3384 vel
334 3328 480 3401 discipulis
491 3329 537 3386 vel
553 3330 710 3385 clientibus.
741 3328 812 3384 Hinc
827 3328 856 3384 lit
870 3334 900 3383 ut
913 3330 1024 3385 scho·
1087 3383 1094 3398 ,

122 3412 290 3468 lasticum
305 3413 476 3468 hominem
495 3409 530 3485 (i.
543 3431 567 3468 c.
580 3413 748 3468 rhetoricum
765 3411 954 3485 professorem
969 3413 1023 3468 cir.

122 3494 195 3552 inira
210 3513 237 3568 p.
253 3501 321 3569 271,
339 3492 386 3571 17)
405 3495 509 3552 Plinius
525 3502 607 3567 hil
622 3497 758 3568 appellet,
773 3485 976 3570 γραμματικὸν
995 3499 1024 3550 et
