2466 3896
127 215 187 274 106
209 223 238 272 G·
258 221 408 270 suuuom
429 220 557 280 TRANQ.
572 221 619 266 DE
634 222 715 267 VITA
732 221 916 269 CAESARUM
931 222 1001 269 LIB.
1023 223 1076 269 111.

126 389 286 457 temporum
307 377 496 438 atrocitatem.
538 375 622 451 Quod
643 385 737 436 tamen
754 376 926 436 beneficium
946 379 1015 438 tanti
1038 379 1126 437 aesti·
1227 393 1228 406 ¹

126 464 229 539 mavit,
245 471 274 520 ut
289 467 414 521 montem
431 457 558 519 Caelium
573 459 770 539 appellatione
785 469 889 521 mutata
905 462 1007 521 vocari
1024 459 1125 539 Augu·
1227 517 1228 538 ,

127 556 199 606 stum
221 546 347 605 iusserit.
381 542 465 604 Militi
486 553 553 621 post
576 543 720 623 duplicata
744 563 781 604 ex
803 544 928 623 Augusti
952 554 1126 606 testamento

127 632 225 706 legata
241 629 312 688 nibil
327 646 459 706 nmquam
477 626 598 706 largitus
615 637 675 704 est,
699 637 903 708 praeterquam
919 629 1126 706 singulamilia
1227 629 1228 660 ³

127 713 307 776 denariorum
329 711 534 792 praetorianis,
555 711 631 790 quod
647 713 753 773 Seiano
776 731 888 773 senon
909 714 1150 777 accommodas-s
1227 733 1228 798 j

127 806 207 874 sent,
239 806 268 856 et
297 796 436 876 quaedam
456 813 573 856 munera
589 797 718 872 Syriacis
738 796 921 875 legionibus,
944 797 1021 876 quod
1042 798 1127 859 solae
1227 817 1228 880 p

126 881 232 942 nullam
248 881 344 942 Seiani
363 880 516 957 imaginem
536 881 611 940 inter
627 881 710 957 signa
726 881 894 942 coluissent.
925 880 1022 960 Atque
1040 883 1127 943 etiam
1227 881 1228 898 ¹

126 967 278 1027 missiones
295 974 497 1026 veteranorum
512 964 675 1024 rarissimas
690 964 776 1042 iecit,
793 983 831 1024 ex
846 967 928 1026 senio
941 975 1072 1044 mortem,
1088 984 1128 1025 ex
1227 1029 1228 1039 ,

126 1059 219 1111 morte
242 1049 441 1129 compendium
463 1057 592 1127 captans.
621 1047 666 1108 Ne
687 1049 854 1127 prouincias
870 1049 983 1128 quidem
998 1049 1127 1110 liberali·
1225 1052 1228 1114 i

127 1143 186 1195 tate
199 1134 258 1195 ulla
274 1133 446 1210 sublevavit,
464 1142 588 1211 excepta
602 1132 689 1210 Asia,
707 1132 835 1193 disiectis
850 1143 946 1194 terrae
961 1142 1040 1193 motu
1056 1135 1126 1194 ciui-
1137 1147 1168 1190 ro
1227 1115 1228 1172 l

127 1219 243 1280 tatibus.
1227 1229 1228 1276 1

86 1321 119 1376 49
189 1302 372 1363 Procedente
392 1317 459 1360 mox
480 1308 613 1379 tempore
629 1302 713 1361 etiam
728 1299 764 1361 ad
778 1302 894 1381 rapinas
910 1302 1053 1362 convertit
1067 1301 1125 1360 ani·

128 1407 212 1449 mum.
243 1388 295 1448 Sat
310 1393 437 1462 constat,
462 1382 522 1444 GN.
536 1385 685 1445 Lentulum
706 1402 860 1462 augurem,
885 1385 931 1446 cui
948 1403 1053 1446 census
1067 1402 1126 1444 ma·
1227 1379 1228 1394 ¹

127 1475 219 1535 ximus
242 1471 343 1545 luerit,
365 1478 441 1528 metu
458 1477 487 1528 et
501 1486 612 1546 angore
628 1469 664 1529 ad
677 1469 821 1529 fastidium
836 1471 913 1530 vitae
927 1469 963 1530 ab
980 1487 1017 1529 eo
1033 1477 1127 1531 ectum

126 1567 158 1619 et
180 1564 210 1614 ut
230 1572 267 1613 ne
288 1571 344 1632 quo
364 1553 419 1611 nisi
438 1553 504 1630 ipso
525 1551 633 1612 herede
654 1563 831 1624 moreretur;
858 1554 1073 1615 condemnatam
1096 1562 1128 1612 et
1137 1567 1168 1610 1⁵
1227 1561 1228 1592 l

129 1639 383 1718 generosissimam
402 1635 536 1696 feminam
557 1635 708 1715 Lepidam,
734 1639 905 1715 ingratiam
928 1639 1037 1714 Quirini
1059 1654 1127 1697 con-

129 1721 233 1784 sularis
257 1719 425 1799 praedivitis
448 1729 477 1778 et
498 1719 579 1796 orbi,
601 1721 650 1799 qui
672 1721 814 1782 dimissam
838 1741 900 1784 eam
916 1741 933 1782 e
947 1721 1127 1783 matrimonio

130 1815 197 1886 post
217 1803 404 1864 vicensimum
424 1821 526 1864 annum
549 1805 653 1864 veneni
669 1805 736 1864 olim
751 1807 780 1865 in
796 1824 828 1866 se
847 1807 1006 1885 comparati
1022 1822 1128 1882 argue-

130 1891 193 1960 bat;
218 1897 371 1968 praeterea
389 1887 543 1948 Galliarum
558 1896 587 1946 et
602 1888 803 1966 Hispaniarum
820 1891 979 1970 Syriaeque
995 1898 1024 1949 et
1039 1889 1128 1950 Grae-

131 1975 194 2035 ciae
211 1973 358 2052 principes
375 1973 550 2032 confiscatos
568 1972 605 2031 ob
621 1982 677 2032 tam
692 1974 758 2034 leve
772 1993 807 2034 ac
821 1983 876 2036 tam
892 1973 1033 2055 inpudens
1051 1973 1170 2036 calu-ao

130 2059 267 2119 mniarum
280 2075 388 2135 genus,
410 2065 440 2116 ut
457 2055 625 2134 quibusdam
640 2074 698 2116 non
715 2058 790 2118 aliud
806 2060 843 2118 sit
859 2058 1021 2135 obiectum,
1044 2074 1130 2135 quam

131 2141 208 2223 quod
223 2151 333 2220 partem
343 2143 386 2200 rei
399 2140 545 2201 familiaris
559 2141 588 2200 in
600 2142 721 2221 pecnnia
733 2142 887 2212 baberent;
901 2142 1031 2221 plurimis
1043 2143 1130 2202 etiam

132 2224 294 2286 civitatibus
319 2233 347 2284 et
365 2225 483 2303 privatis
501 2234 618 2285 veteres
634 2227 822 2286 immunitates
845 2236 874 2286 et
890 2227 934 2286 ius
948 2226 1131 2287 metallorum

131 2329 165 2370 ac
180 2309 365 2386 vectigalium
381 2309 529 2387 adempta;
554 2309 606 2369 sed
621 2318 649 2369 et
665 2311 818 2370 Vononem
833 2329 934 2388 regem
949 2309 1129 2387 Parthorum,

132 2393 180 2470 qui
206 2391 306 2471 pulsus
331 2410 347 2451 a
367 2393 426 2451 suis
441 2394 522 2470 quasi
538 2395 567 2451 in
583 2393 667 2452 iidem
681 2391 712 2452 P.
727 2394 762 2454 ll.
780 2412 844 2454 cum
858 2397 968 2472 ingenti
982 2412 1054 2472 gaza
1069 2393 1129 2453 An·
1139 2412 1173 2454 as

131 2474 268 2535 tiochiam
284 2493 316 2534 se
332 2485 501 2554 receperat,
521 2477 674 2556 spoliatum
690 2477 810 2554 perlidia
827 2487 856 2538 et
874 2481 1012 2539 occisum.

90 2587 124 2640 ω
196 2557 298 2618 Odium
321 2557 460 2618 adversus
478 2561 707 2621 necessitudines
729 2561 757 2621 in
779 2561 874 2624 Druso
897 2563 1018 2642 primum
1038 2563 1131 2621 fratre

133 2643 242 2704 detexit
259 2641 387 2721 (prodita
403 2645 464 2702 eius
481 2644 615 2722 epistola,
638 2663 693 2723 qua
715 2665 815 2707 secum
829 2647 865 2706 de
881 2647 1015 2725 cogendo
1031 2645 1067 2705 ad
1082 2664 1130 2705 re·

133 2726 304 2789 stituendam
326 2725 486 2788 libertatem
503 2728 635 2806 Augusto
656 2729 775 2810 agebat)
791 2730 894 2791 deinde
911 2740 939 2792 et
956 2732 984 2791 in
998 2728 1130 2808 reliquis.

131 2813 222 2874 Iuliae
250 2811 334 2871 uxori
361 2819 468 2872 tantum
485 2812 554 2872 aluit
574 2822 604 2872 ut
625 2813 789 2891 relegatae,
813 2815 890 2893 quod
909 2817 1052 2875 minimum
1072 2822 1174 2890 estse

133 2897 212 2958 uilici
233 2905 280 2957 aut
301 2894 480 2956 humanitatis
502 2895 610 2974 aliquid
627 2897 801 2976 impertiret,
822 2906 852 2958 ut
869 2918 907 2959 ex
927 2899 1131 2958 constitutione

132 2982 223 3060 patris
245 2996 301 3039 uno
325 2980 434 3059 oppido
451 2980 575 3041 clausam
592 2981 677 3041 domo
694 2999 810 3061 quoque
827 2982 929 3060 egredi
945 2992 974 3043 et
990 2999 1130 3043 commer-

134 3067 180 3126 cio
201 3065 344 3124 hominum
364 3064 420 3124 frui
443 3066 581 3133 vetuerit;
605 3065 657 3125 sed
680 3075 709 3125 et
725 3066 839 3144 peculio
857 3084 999 3127 concesso
1015 3086 1031 3126 a
1047 3073 1132 3145 patre

134 3147 331 3227 praebitisque
342 3149 441 3208 annuis
454 3147 604 3226 fraudavit,
620 3168 674 3228 per
690 3151 818 3227 speciem
835 3151 942 3229 publici
955 3152 1033 3228 iuris,
1053 3148 1131 3229 quod

134 3230 203 3291 nibil
224 3229 259 3291 de
283 3231 327 3292 his
343 3232 492 3311 Augustus
515 3241 686 3294 testamento
711 3236 846 3295 cavisset.
883 3234 1003 3296 biatrem
1023 3234 1171 3294 Livianae

135 3322 272 3391 gravatus
292 3314 372 3375 velut
391 3326 491 3396 partes
511 3315 565 3376 sibi
580 3335 688 3396 aequas
702 3321 850 3395 potentiae
871 3319 1077 3395 vindicantem,
1102 3327 1131 3377 et

136 3412 325 3472 congressum
341 3399 402 3458 eius
418 3400 561 3460 assiduum
576 3402 675 3461 vitavit
691 3409 720 3460 et
732 3401 882 3480 longiores
895 3405 1131 3480 secretioresque

135 3495 303 3556 sermones,
327 3498 362 3539 ne
385 3484 528 3560 consiliis,
549 3483 650 3563 quibus
669 3493 763 3546 tamen
780 3485 920 3546 interdum
942 3495 972 3548 et
989 3505 1080 3564 egere
1104 3495 1133 3544 et
1225 3541 1228 3554 ,
