2434 3908
208 205 232 253 X
551 200 756 250 PRAEFATIO*

211 377 289 434 esse,
305 378 366 420 cum
379 365 532 418 ceterorum
546 363 675 427 omnium,
690 363 770 416 etium
783 359 949 434 ipnodilium,
965 361 1046 416 ultius
1058 362 1118 416 ori·

210 449 300 521 picem
315 447 468 518 repetierit·
488 447 580 516 taque
595 443 696 501 ‘Iulius
715 443 836 501 Gaesar’
856 445 885 500 tu
903 445 1043 516 principio
1062 444 1116 498 cd-

211 531 271 587 dita
296 545 355 586 esse
379 529 469 586 verbm
512 529 633 585 Eandem
657 528 822 584 senteutiam
851 544 912 584 cum
937 527 1117 584 doctissimus

214 615 332 688 quisque
347 613 459 672 tulisset
473 619 503 669 ut
520 613 662 669 Turnebus
678 611 792 668 Ursinus
808 611 1012 685 Glandorpius,
1027 617 1055 666 et
1070 611 1117 667 vel

214 697 319 754 mederi
335 698 366 760 ei¹
376 696 500 753 iacturae
516 697 669 752 studuisset
683 713 706 752 a.
724 701 790 755 1521
805 696 845 752 lu.
858 696 924 751 bud.
940 695 1025 751 Vives
1042 711 1118 750 com-

213 781 316 856 positis
330 781 515 854 supplementi
532 781 619 840 instar
637 780 744 851 aliquot
759 778 915 853 capitibus,
929 795 1001 851 quae
1017 784 1117 851 postea

214 865 351 923 Laevinus
365 865 527 921 torrentius
542 864 675 936 ampliora
692 863 774 932 lecit,
790 863 868 920 solus
885 863 997 919 lsaacus
1013 861 1118 918 Casuu-

214 951 320 1020 bonus,
350 955 470 1004 ceterum
492 946 643 1018 Tranquilli
665 947 845 1019 interpretum
869 946 953 1003 lacile
975 944 1118 1018 princeps,

215 1032 309 1090 extitit
323 1032 370 1104 qni
382 1032 510 1088 Caesaris
526 1031 610 1088 vitam
624 1030 749 1086 illaesam
767 1031 802 1087 ad
817 1046 868 1087 nos
884 1029 1047 1103 pervenisse
1062 1028 1119 1098 sibi

215 1117 414 1191 persuaderet,
433 1116 503 1172 mire
519 1120 686 1172 commentus
701 1114 827 1188 potuisse
841 1114 1005 1186 scriptorem
1019 1113 1047 1168 iu
1062 1111 1119 1168 alio
1182 1103 1186 1116 '

215 1200 289 1257 libro
317 1200 352 1257 de
381 1201 450 1257 lulia
482 1205 565 1270 gente
595 1198 780 1269 Caesarisque
811 1197 1000 1254 adulescentia
1030 1211 1119 1268 expo-

214 1284 314 1341 suisse.
346 1284 505 1340 decentium
518 1282 586 1339 satis
603 1275 740 1338 erit'duos
758 1282 917 1354 appellasse
933 1281 976 1336 Fr.
992 1278 1120 1336 nwot-

214 1369 277 1425 lium
299 1369 347 1441 qui
376 1367 458 1424 initio
479 1366 609 1423 Caesaris
639 1366 746 1437 aliquot
775 1365 902 1421 stellulas
923 1365 1050 1420 deiectus
1077 1363 1120 1419 si-

214 1451 366 1522 quibcandi
389 1449 641 1524 causaapposuit,
663 1455 691 1504 et
703 1447 881 1505 Niebuhrium
899 1447 945 1520 qui
961 1448 1044 1520 plane
1067 1463 1120 1518 ge-

215 1533 287 1591 mina
308 1535 406 1590 lacuna
430 1533 569 1590 Plutarchi
593 1531 740 1589 Caesarem
765 1532 894 1589 laborare
913 1531 1119 1588 animadvertit.

215 1618 271 1673 lam
292 1605 439 1689 postquam
455 1614 522 1688 lydi
538 1616 619 1672 locus
634 1615 768 1686 innotuit,
792 1616 919 1672 dubitare
937 1631 1016 1671 nemo
1034 1630 1119 1670 sanus

198 1706 318 1774 potest.
353 1700 410 1756 Sed
430 1707 459 1755 ut
474 1717 581 1756 omnem
599 1715 657 1754 rem
672 1700 857 1772 complectar,
876 1700 946 1754 haec
963 1699 1024 1754 lere
1042 1697 1117 1754 desi-

214 1785 362 1840 derantur:

280 1862 309 1938 1)
326 1867 451 1924 exterior
463 1867 528 1924 libri
543 1868 648 1924 titulus.
676 1865 863 1922 Vetustissimi
875 1865 947 1921 enim
958 1865 1024 1922 libri
1035 1865 1120 1920 Mem-

164 1941 170 1953 ’
215 1951 322 2008 miauus
346 1957 373 2006 et
387 1951 537 2007 Vaticanus
556 1950 658 2025 lipsii,
679 1956 826 2022 praeterea
841 1950 982 2022 Parisinus
1002 1954 1119 2008 secter

214 2035 345 2106 Haganus
363 2023 534 2110 (lp'wotfii,
550 2034 670 2105 denique
685 2034 889 2090 commemorati
904 2051 919 2090 a
934 2033 1119 2089 Volaterrano

215 2126 244 2176 et
258 2118 329 2176 Vive
344 2119 382 2176 ita
396 2120 545 2192 incipiunt:
564 2134 669 2174 anuum
690 2132 775 2189 opens
790 2125 898 2173 sectum
917 2117 1047 2172 dommum
1064 2133 1121 2187 pu-

107 2259 109 2264 .
215 2211 283 2259 trem
303 2205 392 2260 ambit
416 2202 640 2276 sequentibusque
662 2201 829 2268 consulibus,
851 2216 984 2272 nusquam
1009 2199 1120 2255 adiecto

215 2287 279 2342 Divi
293 2287 357 2343 lulii
375 2288 495 2342 nomine.
540 2287 754 2359 'temptaverunt
770 2285 880 2355 quidem
900 2284 1071 2355 reliquorum
1084 2283 1120 2338 li-

215 2369 329 2425 brorum
349 2369 461 2425 scribae
477 2371 569 2425 multis
584 2369 673 2424 modis
688 2368 791 2424 hiatum
810 2369 941 2441 explere,
960 2368 1024 2424 dum
1038 2383 1120 2422 uuum

215 2467 316 2508 nomen
331 2451 436 2508 Caesar
451 2452 496 2507 vel
512 2454 566 2509 duo
582 2451 670 2508 Iulius
677 2453 781 2508 Caesar
795 2452 895 2525 primo,
910 2452 1045 2520 secundo,
1061 2456 1120 2505 ter-

215 2535 255 2590 tio
272 2535 336 2591 loco
359 2535 507 2606 adiiciunt,
527 2536 593 2607 quin
610 2536 691 2591 etiam
713 2535 784 2593 trina
799 2536 908 2592 nomina
926 2535 1013 2590 Diuus
1031 2533 1121 2590 Iulius

216 2619 321 2676 Caesar
342 2619 387 2675 uel
406 2617 495 2674 Iulius
515 2619 618 2676 Caesar
637 2619 722 2674 Divus
736 2620 781 2676 vel
803 2619 886 2676 Cuius
906 2617 995 2674 Iulias
1015 2619 1121 2675 Caesar

215 2701 305 2775 primo
326 2702 390 2758 loco
415 2708 597 2774 praetexunt,
619 2719 714 2759 verum
733 2717 768 2758 eo
784 2703 872 2774 magis
889 2718 966 2759 suam
981 2693 1130 2757 inscitiam-

214 2786 335 2858 produnt
351 2785 493 2846 consulum
508 2787 663 2843 nominibus
679 2803 733 2844 non
748 2786 893 2859 suppletis.
922 2785 1018 2857 Neque
1029 2785 1118 2840 minus

214 2869 329 2926 devano
345 2870 461 2936 haustae
477 2871 677 2934 suntvutaares
693 2870 788 2942 operis
802 2869 1001 2943 inscriptiones
1015 2866 1121 2924 deXII
1147 2873 1151 2882 '

214 2953 398 3022 Caesaribus,
418 2953 453 3008 ¹de
474 2956 528 3010 citu
548 2953 614 3009 XII
635 2935 854 3022 Caesarum‚'de
876 2956 930 3012 uite
949 2960 975 3008 et
999 2952 1120 3007 moribus

214 3037 357 3093 duodecim
372 3037 523 3106 Caesarum
543 3038 670 3108 aliaeque
685 3038 808 3108 similes,
829 3039 890 3093 cum
910 3038 939 3093 in
957 3036 1118 3093 blemmiano

140 3173 145 3182 .
214 3119 289 3177 libro
306 3119 418 3177 omnino
434 3121 508 3177 nulla
524 3127 658 3195 appareat
673 3116 751 3194 (nam
767 3121 914 3178 barbaram
925 3121 1035 3176 'manum
1056 3136 1119 3176 sae·
1180 3181 1182 3190 Α

214 3203 271 3260 culi
284 3203 422 3261 XlV'non
445 3199 528 3278 curo)
550 3221 689 3276 verusque
710 3204 776 3261 libri
797 3206 893 3261 titulus
916 3203 1067 3275 antiquitus
1085 3203 1118 3259 ab

215 3288 356 3344 nonnullis
372 3287 513 3358 librariis,
538 3305 610 3344 nunc
632 3298 647 3344 a
668 3289 750 3345 nobis
768 3288 897 3344 debuerit
912 3305 948 3344 ex
969 3287 1119 3358 insequen-

216 3370 283 3426 tium
297 3372 416 3428 vitarum
433 3371 567 3429 clausulis
584 3379 611 3428 et
634 3373 864 3445 inscriptionibus
887 3379 1022 3442 tamquam
1041 3375 1120 3443 post·

216 3454 314 3512 liminii
330 3455 391 3511 iure
408 3456 573 3529 reciperari.
