2392 3926
160 309 221 372 320
266 321 295 370 c.
316 320 481 370 sunrourr
497 321 625 380 annuo.
639 321 789 368 maruno.
802 319 942 371 cronon.
954 321 1162 381 sacramur.

160 476 246 537 trahit
259 485 390 555 tempus,
411 477 488 536 iners
505 477 567 536 sine
591 486 653 537 arte
669 487 698 536 et
718 476 824 537 nullius
840 477 929 538 oflicii
945 495 1049 557 capax,
1071 480 1163 556 piger

160 579 214 640 per
229 561 322 622 omnia
338 578 429 638 aegro
444 560 553 639 similis,
564 563 664 639 segnis
679 570 837 622 semotusa
854 561 953 622 calore
965 561 1117 642 {sciendi}

220 644 299 704 Tuor
316 654 344 704 et
358 646 454 725 tueor]
467 655 533 705 tuor
546 646 644 723 video,
656 655 740 706 tueor
755 646 896 707 custodio.

223 729 348 807 Turpem
363 739 392 790 et
408 729 581 810 deformem]
598 733 690 809 turpis
707 732 783 808 vita,
801 730 941 791 deformis
956 732 1059 809 specie
1074 733 1162 794 intel-

159 815 275 892 legitur.
1173 841 1183 879 ι

220 898 332 959 Vadem
348 915 384 959 ac
403 915 575 976 sponsorem
597 908 627 959 et
641 898 792 978 praedem}
810 917 862 959 vas
884 900 933 979 qui
949 900 1043 977 ipsum
1058 919 1094 961 se
1112 912 1164 962 ant

160 983 235 1045 aliud
252 981 403 1062 quodlibet
419 1000 472 1062 pro
490 983 547 1044 allo
564 983 664 1061 tradit,
690 1000 817 1063 sponsor
831 985 879 1062 qui
895 984 980 1044 aliurn
996 987 1161 1063 sponsione

160 1086 210 1128 sua
226 1068 362 1146 suscipit,
382 1085 468 1146 praes
485 1069 533 1147 qui
551 1085 606 1146 pro
619 1085 650 1127 se
668 1067 753 1127 alium
769 1085 911 1146 praesens
925 1071 1073 1147 praesenti
1090 1069 1163 1131 dicit

158 1153 187 1213 id
204 1162 249 1212 est
264 1153 320 1213 dat.

219 1239 340 1298 Vestem
353 1244 382 1296 et
391 1236 574 1315 vestimenta]
588 1237 679 1296 vestis
685 1238 804 1315 proprie
817 1236 986 1296 feminarum
1001 1244 1055 1316 est,
1068 1241 1161 1299 vesti·
1171 1260 1190 1300 ιι

160 1332 284 1382 mentum
300 1322 435 1381 virorum.

219 1405 342 1468 ledum
360 1402 503 1465 humidum
521 1405 607 1465 udum
630 1413 658 1464 ct
680 1402 834 1483 madidum]
854 1405 969 1465 uvidum
986 1406 1103 1485 penitus
1119 1409 1161 1466 in·

159 1492 267 1552 fectum
286 1498 342 1566 est,
354 1489 494 1550 madidum
510 1507 548 1549 ex
562 1507 618 1550 una
632 1497 726 1568 parte,
737 1488 968 1569 humidamquod
982 1490 1018 1549 ad
1033 1490 1161 1552 medium

160 1593 251 1655 usque
267 1575 410 1653 pervenit,
424 1573 506 1634 udnnn
521 1592 657 1633 summurn
672 1581 778 1632 tactum
788 1581 894 1634 tantum
906 1575 1045 1652 cuiusque
1061 1575 1118 1634 rei.

220 1660 313 1719 Vetus
329 1667 358 1718 et
374 1659 529 1738 vetustum]
552 1668 636 1718 vetus
650 1674 728 1718 novo
746 1667 930 1738 comparatur
944 1677 982 1718 en
998 1661 1159 1736 contrario,
1169 1685 1188 1726 ιι

160 1752 303 1803 vetustum
317 1741 353 1801 atl
368 1744 562 1821 antiquitatem
573 1742 708 1802 refertur.

222 1827 288 1886 Vim
306 1826 384 1885 vires
407 1834 437 1885 et
450 1826 603 1906 virtutem]
627 1828 671 1886 vis
690 1827 810 1887 iniuriae
831 1837 890 1905 est,
914 1828 993 1887 vires
1014 1829 1161 1905 corporis,

160 1913 251 1972 virtus
263 1909 357 1970 animi

222 1994 354 2056 Ultorem
366 1994 555 2074 etrrndrcem]
563 1995 727 2056 ulciscimur
744 2013 798 2056 nos
809 2003 933 2074 accepta
947 1994 1060 2073 iniuria,
1067 1989 1195 2055 vindi
1194 1985 1195 2046 l

162 2098 259 2140 camus
275 2097 313 2139 ne
327 2080 513 2158 accipiamus,
1168 2059 1194 2174 ”l

220 2166 337 2224 Vereor
352 2172 381 2224 et
397 2163 549 2242 revereor}
562 2181 669 2223 vereor
684 2162 720 2223 ad
734 2171 839 2224 metum
852 2163 994 2239 relertur,
1015 2181 1161 2223 revereor
1191 2201 1192 2239 1

158 2248 195 2309 ad
206 2249 349 2309 allectum

221 2333 314 2395 Ulcus
328 2332 432 2393 vulnus
442 2341 471 2392 et
486 2331 615 2412 plagam]
629 2331 712 2392 ulcus
720 2349 774 2410 per
789 2350 822 2392 se
836 2332 896 2391 exit
911 2339 959 2391 aut
975 2330 1006 2390 lit
1022 2330 1190 2391 intrinse-

161 2435 212 2477 cus
225 2435 262 2476 ex
278 2435 322 2494 se,
330 2417 434 2477 vulnus
450 2416 578 2477 exterra
594 2417 635 2492 lit,
651 2415 739 2495 plaga
758 2415 861 2494 planus
875 2418 949 2477 ictus
966 2422 1025 2485 est;
1041 2403 1189 2496 ιιιιιιιοᾱ1

159 2501 242 2561 ulcus
264 2500 389 2561 levitatis
411 2510 472 2579 est,
495 2500 598 2560 vulnus
613 2499 782 2578 gravitatis,
804 2499 911 2578 plagae
929 2499 1014 2559 etiam
1029 2497 1160 2559 verbera

158 2593 307 2646 vocantur.

220 2667 406 2729 Voluntatem
426 2677 455 2727 et
470 2667 661 2746 voluptatem]
680 2668 814 2729 voluntas
835 2667 920 2729 animi
943 2675 1004 2744 est,
1021 2665 1159 2744 voluptas

161 2772 214 2814 cor
236 2770 304 2813 orrs.

215 2773 322 2899 pVirum
337 2845 366 2896 et
380 2836 549 2917 masculum]
566 2837 609 2897 vir
623 2840 725 2916 specie
739 2836 928 2915 intellegitur,
943 2835 1091 2897 masculus
1107 2853 1158 2914 ge·

160 2940 247 2992 nere;
265 2930 294 2982 et
317 2920 435 3000 quod'
407 2938 452 2980 ιιι
468 2921 559 2981 tribus
574 2921 667 2982 modis
684 2923 840 3001 accipitur,
862 2930 964 2982 natura
976 2920 1084 3000 nuptiis
1101 2920 1157 2978 vir-

160 3015 237 3077 tnte;
251 3005 396 3066 masculus
408 3006 493 3066 etiam
503 3005 538 3066 ab
553 3005 668 3066 homine
683 3015 868 3086 segregatur

223 3090 341 3150 Vultum
356 3099 384 3149 et
398 3089 504 3150 laciem
517 3089 574 3150 lroc
587 3090 682 3151 differt
688 3090 793 3170 ,quod
808 3089 904 3150 vultus
922 3089 1007 3150 animi
999 3085 1157 3148 indicium

160 3183 222 3252 est,
238 3175 331 3235 iacies
353 3175 412 3234 oris
432 3175 556 3253 positio;
577 3183 606 3235 et
622 3174 718 3235 vultus
740 3174 880 3235 interdum
902 3181 1044 3247 mutatur,
1065 3172 1156 3232 faciet

159 3266 270 3398 mbenen
284 3257 354 3318 licet
369 3268 398 3318 et
407 3277 468 3328 ,una
485 3277 533 3319 res
549 3276 603 3337 pro
619 3258 674 3319 elia
690 3276 780 3339 saepe
795 3267 984 3319 commutetur
1001 3257 1155 3335 ingemere

160 3356 177 3399 a
213 3341 323 3420 specie.

536 3519 763 3529 -.---—-—
