2434 3908
196 179 281 226 uxrt'
533 175 737 222 PRAEFATIO.

197 338 321 394 bonitate
349 335 491 392 oeceocuti
517 333 626 389 nimium
651 335 677 390 ei
703 335 928 407 obsequeremur.
972 336 1094 393 Eandem

197 421 286 492 igitur
299 420 390 491 legem
405 435 484 489 quum
500 418 529 472 in
545 414 674 474 Leidensi
689 418 771 474 nobis
785 419 997 491 seripserumus,
1013 427 1093 476 utne

197 503 352 575 singularia
377 509 568 574 septuremus,
596 502 648 558 sed
669 502 821 557 eommunis
846 509 1018 572 teneremus,
1046 504 1093 559 bie

197 603 307 660 quoque
323 587 502 643 servavimus.
531 585 626 655 ltaque
642 600 805 641 eonsensum
821 584 936 642 Gudiuni
950 587 1016 642 iibri
1032 603 1092 642 eum

196 670 323 727 Leidensi
337 686 389 741 pro
404 667 559 725 firmissimo
573 669 692 740 pignore
706 667 836 724 lectionis
849 669 994 741 pristinae,
1009 670 1093 726 idest

196 755 223 809 in
236 754 415 811 Henoobinno
429 754 582 824 archetypo
597 751 736 822 inventes,
751 752 908 817 habuimus3
923 753 970 809 nbi
982 755 1094 810 dissen-

195 837 250 894 tire
264 837 435 907 videbamus,
452 837 482 892 in
496 842 620 891 neutrum
635 835 794 908 proniores,
810 837 855 892 vel
871 837 1042 909 reliquorum
1056 838 1093 892 ii-

194 922 306 977 brorum
323 922 369 977 uel
384 920 471 993 ipsius
493 919 535 974 rei
556 919 663 976 ratione
688 919 782 975 habite
799 925 922 976 veterem
943 921 1092 976 lectionem

194 1004 306 1075 sesequi
323 1004 483 1061 studuimus.

253 1087 328 1144 lineo
344 1095 373 1144 ut
388 1087 493 1158 eliquat
509 1087 643 1158 exemplis
661 1087 835 1157 oonflrmem,
855 1101 993 1146 oonsensu
1010 1086 1092 1143 eodi-

194 1187 255 1226 eum
269 1171 412 1228 Leidensis
430 1178 458 1226 et
476 1170 592 1226 Gudiuni
610 1169 734 1226 stabilite
749 1169 924 1229 existimavi:
945 1177 1043 1244 p.268,
1056 1177 1092 1230 26

192 1254 294 1312 Iunctus
319 1270 373 1311 non
391 1255 556 1327 aspiratum,
582 1269 610 1326 p.
633 1259 700 1323 260,
724 1262 755 1313 15
776 1254 868 1309 adbuc
888 1255 1033 1325 omissum,
1055 1261 1093 1314 30

192 1355 272 1396 meum
288 1341 428 1394 annalium
443 1339 542 1405 Ennii,
557 1355 585 1410 p.
604 1343 670 1407 262,
685 1342 720 1396 24
739 1337 772 1394 Is
787 1340 914 1410 scripsit,
933 1356 958 1411 p.
976 1343 1041 1408 264,
1056 1345 1093 1399 33

194 1424 343 1492 Catulinae,
359 1439 388 1494 p.
396 1427 457 1491 266,
472 1429 487 1480 1
505 1421 700 1491 inscribuntur,
719 1428 817 1493 p.268,
831 1428 864 1481 21
879 1423 1091 1492 ostenderemus,

193 1524 221 1579 p.
236 1511 305 1576 271,
326 1511 362 1566 23
375 1506 521 1577 optulisset.
563 1505 666 1560 Eodem
683 1521 820 1562 consensu
839 1523 867 1578 p.
881 1512 949 1576 265,
971 1512 1004 1566 34
1022 1521 1090 1560 eon·

193 1590 340 1654 dicionem,
358 1606 385 1660 p.
402 1592 469 1657 271,
489 1593 523 1647 25
537 1589 711 1644 conditionem
726 1590 818 1661 posui.
863 1590 892 1644 In
910 1589 1036 1646 dissensu
1054 1589 1091 1644 li·

193 1673 305 1728 brorum
343 1672 504 1743 plerumque
538 1673 694 1728 auctoritati
722 1667 908 1747 Leidensis⁴⁶)
940 1674 1091 1729 obsecutus

194 1751 239 1828 (e.
257 1772 281 1811 o.
297 1772 325 1826 p.
334 1761 393 1816 259,
409 1759 442 1814 37
457 1755 545 1825 simui,
560 1773 588 1828 p.
602 1761 664 1826 262,
681 1761 715 1816 29
725 1756 870 1830 Dictynna,
883 1761 917 1817 37
930 1759 965 1812 sit
978 1759 1092 1828 sopien-

193 1841 273 1909 tiam,
289 1856 317 1910 p.
333 1843 400 1907 269,
416 1845 449 1897 19
463 1846 643 1909 consuerant,
666 1845 700 1899 28
716 1838 812 1915 affuit)
829 1856 1027 1913 nonnumquam
1047 1846 1089 1896 te-

193 1939 255 1978 men
273 1922 397 1979 Gudiuno
412 1922 614 1980 oboediendum
633 1923 745 1994 putuvi,
769 1929 799 1979 ut
821 1924 849 1980 in
868 1924 927 1979 his:
947 1942 974 1995 p.
989 1929 1051 1995 257,
1073 1929 1089 1983 7

192 2007 357 2078 adnotatum,
373 2023 400 2078 p.
416 2011 477 2076 258,
495 2012 528 2064 14
541 2007 670 2073 Posthac,
687 2013 719 2066 19
731 2006 856 2079 Laeuus,
874 2025 903 2080 p.
917 2013 978 2077 259,
995 2015 1028 2068 18
1042 2023 1091 2064 re-

187 2097 261 2161 peto,
279 2108 308 2163 p·
324 2096 386 2157 260,
403 2095 436 2148 25
449 2092 639 2160 prommatica,
656 2108 683 2162 p.
697 2096 759 2161 263,
776 2097 809 2150 16
824 2093 914 2160 Eros,
935 2109 962 2163 p.
976 2097 1037 2162 264,
1053 2097 1090 2151 36

190 2177 348 2245 superiore,
364 2191 391 2246 p.
407 2179 469 2244 265,
483 2180 497 2231 1
511 2174 649 2241 Pasicles,
665 2181 683 2234 3
697 2179 725 2228 et
740 2182 756 2232 6
770 2173 908 2248 Zmyrnae
925 2180 953 2230 et
965 2174 1090 2247 Zmyrna

191 2254 234 2328 (p.
250 2263 317 2329 259,
335 2262 368 2318 37
392 2256 528 2328 Smyrnae
544 2257 693 2314 Suetonius
709 2257 742 2313 ub
760 2275 790 2314 se
807 2256 898 2333 dedit)
922 2276 950 2330 p.
966 2263 1032 2330 266,
1054 2265 1091 2318 14

190 2339 284 2409 aerbo,
300 2359 327 2411 p.
342 2346 403 2410 269,
418 2346 453 2398 24
470 2339 586 2404 Ostiam.
605 2347 639 2401 32
650 2343 853 2413 imposuerunt,
870 2360 898 2415 p.
915 2347 976 2412 270,
994 2349 1027 2401 10
1040 2359 1090 2398 or-

191 2423 330 2494 dearium,
352 2441 380 2495 p.
399 2427 467 2492 272,
489 2430 522 2482 11
551 2424 703 2496 Veryinius.
747 2425 895 2481 Rarissime
919 2427 952 2482 ub
968 2431 1089 2496 utroque

191 2507 375 2562 resedendum
395 2506 462 2575 tuit,
490 2507 562 2561 sieut
582 2521 610 2579 p.
632 2514 699 2578 263,
720 2514 755 2566 22
779 2507 891 2564 Memmi
912 2510 1012 2580 scripsi
1033 2526 1088 2580 pro
1149 2559 1152 2566 .
1213 2497 1214 2554 ]

189 2587 716 2662 Memmia,p.270,26abproa0.
752 2592 1088 2665 simetp.269,1oubi

189 2673 262 2730 ulter
275 2679 355 2745 atque
369 2672 441 2731 ulter
454 2677 481 2727 et
490 2675 652 2746 praebebat,
669 2681 785 2748 uterque
801 2677 889 2746 sotus,
902 2675 1086 2732 eFlorentiuu

190 2756 314 2813 editione
335 2762 363 2812 et
374 2755 561 2814 deterioribus
576 2758 656 2814 libris
671 2774 706 2813 ae
722 2753 910 2832 recipiendum
924 2759 999 2815 duxi.

188 2953 301 3004 similiter
323 2953 349 3004 in
367 2951 488 3004 Vaticano
506 2954 573 3004 1518
596 2954 702 3018 aliisque
720 2954 791 3006 libris
814 2955 901 3006 insint.
937 2955 1051 3018 Namque
1071 2971 1086 3004 e

188 3022 318 3074 Vetieenis
336 3035 436 3085 quoque
452 3021 507 3072 suis
525 3021 636 3073 Aehiiies
654 3021 748 3074 Statius
765 3022 828 3073 haec
843 3022 968 3090 prodidit:
983 3040 1010 3089 p.
1024 3022 1086 3086 269,

188 3090 219 3140 31
238 3089 341 3142 Seruius
353 3097 413 3153 post
428 3087 482 3150 boe,
496 3106 521 3156 p.
541 3089 599 3151 261,
617 3090 633 3140 6
652 3093 817 3156 ueyieyentia,
835 3107 862 3158 p.
880 3090 939 3152 263,
960 3092 992 3144 16
1009 3091 1082 3140 Stra·

188 3159 281 3222 teum,
298 3175 324 3226 p.
342 3159 401 3220 264,
418 3155 452 3207 33
469 3161 606 3222 Caudinae,
625 3158 659 3210 36
673 3164 811 3222 superiore,
827 3160 861 3212 37
877 3163 967 3223 perite,
984 3175 1011 3227 p.
1022 3159 1085 3225 269,

188 3225 222 3276 28
239 3227 326 3290 insuit,
345 3243 370 3294 p.
393 3227 452 3287 272,
470 3228 488 3277 4
506 3229 630 3287 caestus,
647 3227 681 3277 11
704 3230 846 3294 Veryinius.

254 3293 301 3354 46)
316 3295 435 3345 Eiusdem
452 3294 509 3346 libri
526 3295 671 3346 auctoritate
690 3311 715 3361 p.
729 3296 787 3360 261,
806 3298 839 3348 26
850 3296 968 3361 Epirota,
985 3299 1019 3346 27
1028 3299 1084 3346 eta-

187 3361 240 3410 ruit
255 3361 356 3422 nititur,
378 3362 430 3413 illio
446 3365 568 3414 vocabulo
586 3370 610 3412 et
630 3365 776 3426 subnotato,
800 3364 841 3416 hie
860 3367 979 3416 inclaruit
995 3381 1011 3416 e
1026 3379 1085 3416 eor·

186 3433 283 3478 rectore
298 3428 398 3493 sorpto.
435 3433 496 3482 Item
511 3447 537 3497 p.
556 3431 621 3493 270,
639 3432 672 3482 25
688 3433 792 3494 Epidio
805 3434 887 3500 primo
904 3449 981 3485 meum
998 3441 1046 3489 est.
