2468 3912
440 206 544 254 nrvus
567 206 756 256 nunusuus.
1056 193 1096 254 47

97 372 274 444 potestatem
295 381 412 443 semper
435 361 565 423 omnibus
586 363 674 442 iecit,
697 365 829 443 quotiens
852 364 963 425 vellent
978 363 1096 427 obsides

96 448 267 528 recipiendi.
299 447 403 528 Neque
425 455 473 508 aut
490 446 621 507 crebrius
644 456 692 507 aut
719 448 902 528 perfidiosius
926 448 1095 510 rebellantis

96 534 234 611 graviore
249 550 380 612 mnquam
395 531 471 592 ultus
488 539 533 592 est
545 548 657 610 poena,
674 550 757 611 quam
771 542 801 593 ut
813 535 945 613 captivos
959 533 1012 594 sub
1027 535 1095 612 lege

9 617 30 636 '¹
97 616 293 693 venundaret,
309 633 347 676 ne
362 618 391 675 in
408 617 503 676 ticina
517 617 639 694 regione
654 619 799 677 seruirent
813 636 888 678 neve
901 621 975 680 intra
990 621 1095 678 tricen-

74 704 200 762 ssimum
227 718 329 761 annum
359 699 561 761 liberarentur.
606 701 668 776 Qua
693 703 805 762 virtutis
833 702 1096 784 moderationisque

95 787 172 846 lama
187 784 274 846 ludos
291 787 376 846 etiam
391 803 425 846 ac
441 784 583 861 Scythas,
600 783 695 845 auditu
710 785 795 847 modo
812 790 955 866 cognitos,
974 787 1097 867 pellexit

97 869 134 930 ad
149 871 302 932 amicitiam
324 887 404 930 suam
425 869 584 949 populique
605 869 688 931 Rom.
704 870 780 932 ultro
794 890 849 951 per
864 871 981 950 legatos
995 880 1096 951 peten-

97 954 171 1015 dam.
209 953 307 1015 Parthi
329 971 444 1033 quoque
467 962 497 1014 et
517 953 682 1014 Armeniam
705 955 860 1019 vindicanti
885 955 973 1017 facile
997 973 1094 1016 cesse-

9 1047 20 1070 *
97 1047 164 1099 runt
177 1046 207 1098 et
221 1039 305 1115 signa
317 1038 466 1115 militaria,
484 1055 558 1116 quae
573 1037 611 1099 bl.
620 1037 728 1100 Crasso
744 1048 773 1099 et
786 1038 823 1100 ll.
840 1039 966 1100 Antonio
982 1038 1096 1100 ademe-

61 1138 88 1182 ιι
98 1132 180 1201 rant,
198 1124 368 1202 reposcenti
386 1122 573 1183 reddiderunt
593 1122 769 1203 obsidesque
786 1126 905 1204 insuper
919 1123 1095 1204 optulerunt,

98 1207 239 1286 denique,
255 1205 385 1287 pluribus
403 1206 545 1287 quondam
559 1207 596 1268 de
611 1225 705 1286 regno
716 1207 968 1285 concertantibus,
982 1209 1095 1267 nonnisi

99 1291 134 1352 ab
151 1294 217 1372 ipso
234 1290 359 1352 electum
373 1291 579 1371 probaverunt.

161 1375 260 1436 lanum
275 1376 436 1452 Quirinum,
453 1374 543 1435 semel
559 1385 644 1454 atque
660 1378 761 1436 iterum
777 1394 793 1437 a
810 1376 925 1438 condita
939 1375 1012 1437 urbe
1030 1385 1136 1446 anteco

9 1471 16 1492 ¹
98 1462 264 1521 memoriam
281 1477 360 1520 suam
378 1459 521 1536 clausum,
542 1459 570 1519 in
585 1459 674 1520 multo
694 1460 831 1522 breviora
847 1463 985 1542 temporis
1001 1461 1094 1540 spatio

61 1564 88 1605 ιι
98 1555 177 1606 terra
192 1545 321 1623 marique
336 1561 411 1623 pace
426 1552 509 1623 parta
525 1552 570 1604 ter
585 1544 679 1606 clusit.
710 1544 759 1606 Bis
775 1562 865 1607 ovans
881 1548 1030 1624 ingressus
1051 1553 1096 1605 est

98 1628 216 1706 urbem,
232 1636 299 1707 post
315 1627 502 1708 Philippense
518 1637 548 1690 et
561 1647 660 1690 rursus
676 1639 745 1710 post
760 1630 886 1691 Siculum
901 1630 1017 1691 bellum.
1041 1627 1095 1690 cu-

98 1711 171 1774 rulis
186 1711 345 1791 triumphos
360 1716 412 1774 tris
429 1715 506 1791 egit,
523 1712 723 1793 Delmaticum,
740 1714 907 1793 Actiacum,
924 1713 1095 1775 Alexandri-

98 1815 182 1873 num,
205 1797 340 1857 continuo
361 1797 454 1873 triduo
475 1815 585 1858 omnes.
618 1797 729 1860 Graves
751 1801 922 1878 ignominias
938 1798 1095 1877 cladesque
1104 1814 1138 1868 23

99 1881 170 1942 duas
187 1881 299 1940 omuino
315 1898 370 1941 uec
389 1880 456 1941 alibi
472 1899 555 1959 quam
571 1883 600 1941 in
615 1880 766 1944 Germania
789 1885 919 1963 accepit,
939 1882 1095 1944 Lollianam

58 1974 131 2026 aoet
158 1966 330 2040 Varianam,
359 1964 411 2025 sed
433 1964 591 2025 Lollianam
613 1968 728 2027 maioris
752 1967 885 2028 infamiae
906 1984 990 2047 mam
1007 1965 1094 2026 detri-

98 2050 203 2124 menti,
223 2050 377 2110 Varianam
398 2065 493 2128 paena
514 2049 707 2127 exitiabilem,
731 2051 821 2111 tribus
844 2049 1009 2129 legionibus
1032 2065 1095 2108 cum

99 2134 174 2194 duce
189 2132 353 2213 legatisque
370 2141 400 2192 et
416 2131 529 2193 auxiliis
544 2132 674 2194 omnibus
692 2137 796 2196 caesis.
825 2134 887 2196 Hac
901 2136 1027 2194 nuntiata
1045 2149 1094 2192 ex-

10 2287 12 2292 ,
100 2215 199 2282 cubias
214 2235 269 2297 per
284 2217 384 2277 urbem
399 2216 510 2294 indixit,
526 2235 563 2278 ne
581 2219 644 2296 quis
662 2218 795 2280 turnultus
808 2221 957 2296 existeret,
972 2226 1001 2278 et
1011 2234 1095 2297 prae·

101 2300 208 2362 sidibns
233 2303 448 2380 provinciarum
469 2303 644 2382 propagavit
663 2304 828 2384 imperium,
851 2312 881 2363 ut
907 2322 923 2364 a
945 2303 1045 2384 peritis
1067 2308 1096 2360 et

62 2386 223 2446 asassuetis
251 2387 324 2446 socii
351 2387 575 2448 continerentur.
611 2389 701 2449 Vovit
724 2396 754 2448 et
778 2405 899 2466 magnos
928 2386 1012 2448 ludos
1033 2384 1095 2446 lovi

100 2468 355 2549 Optimohlaximo,
374 2472 461 2531 sires
477 2489 506 2550 p.
523 2472 551 2530 in
566 2471 715 2533 meliorem
731 2481 833 2533 statum
848 2473 1000 2533 vertisset:
1019 2468 1095 2550 quod

99 2555 206 2615 iactuum
221 2552 367 2616 Cimbrico
384 2554 569 2636 blarsicoque
584 2554 663 2617 bello
679 2565 750 2618 erat.
787 2557 872 2618 Adeo
889 2556 1011 2637 denique
1026 2572 1092 2615 con·

100 2647 256 2699 sternatnm
276 2639 386 2717 lerunt,
411 2648 441 2700 nt
457 2658 512 2720 per
533 2643 683 2703 continuos
694 2660 810 2703 menses
826 2641 915 2703 barba
931 2639 1095 2721 capilloque

100 2725 250 2783 summisso
269 2732 355 2803 caput
369 2724 510 2786 interdum
521 2724 632 2786 loribus
646 2725 786 2805 illideret,
805 2726 984 2786 vociferans:
1001 2719 1093 2796 (laio-

64 2805 149 2867 sotili
168 2803 264 2885 Vcrc,
290 2808 427 2888 legiones
449 2808 564 2870 redde!
587 2809 719 2890 diemque
736 2811 826 2872 cladis
841 2818 911 2890 quot
925 2809 1005 2870 annis
1019 2822 1094 2866 mae-

101 2898 174 2950 stum
203 2891 335 2954 habuerit
357 2912 391 2954 ac
412 2893 565 2972 lugubrem
610 2892 643 2954 ln
665 2913 698 2954 re
720 2895 834 2956 militari
858 2903 887 2954 et
913 2891 1136 2954 commutavittt

100 2974 187 3036 multa
209 2985 239 3036 et
259 2979 395 3054 instituit,
417 2987 503 3056 atque
525 2979 610 3039 etiam
625 2977 661 3038 ad
675 2981 818 3059 antiquum
834 2995 944 3038 morem
959 2972 1094 3036 nonnulla

12 3073 30 3124 a
100 3062 260 3121 revocavit.
533 3085 537 3092 ·

162 3142 349 3225 Disciplinam
370 3149 555 3210 severissime
569 3149 660 3209 rexit:
680 3166 716 3208 nc
730 3148 893 3226 legatorum
910 3144 1023 3226 quidem
1037 3145 1095 3204 cui-

66 3241 202 3307 ttquam,
224 3231 278 3290 nisi
300 3241 422 3309 gravate
445 3232 630 3311 hibernisque
652 3232 763 3293 demum
781 3231 944 3307 mensibus,
967 3230 1097 3309 permisit

101 3329 222 3372 uxorem
242 3315 423 3398 intervisere.
460 3315 595 3396 Equitem
617 3317 670 3393 ll.,
692 3316 768 3395 qnod
789 3315 899 3376 dnobus
919 3315 985 3375 liliis
999 3313 1095 3376 adule-

102 3395 249 3457 scentibus
273 3417 360 3462 causa
377 3399 556 3463 detrectandi
577 3403 747 3462 sacramenti
767 3399 892 3480 pollices
910 3405 1095 3480 amputasset,

13 3461 27 3518 ¹*
102 3478 195 3558 ipsum
209 3479 344 3564 bonaque
366 3484 488 3545 subiecit
503 3485 618 3556 hastae;
640 3503 724 3566 quem
741 3493 850 3563 tamen,
867 3484 943 3565 quod
958 3484 1095 3543 inminere
