2450 3910
176 225 239 288 228
263 237 294 286 e.
307 236 458 286 sunroru
470 236 596 296 ranno.
610 237 657 284 nn
673 238 754 284 vrrs
768 237 952 286 cnnsnnun
966 239 1034 285 ura.
1049 239 1125 288 vrn.
1202 211 1203 216 ’

237 391 323 472 Apud
333 390 468 451 ludaeam
480 389 603 451 Carmeli
616 385 664 453 dei
678 393 825 454 oraculum
837 392 1035 453 consulentem
1046 394 1086 454 ita
1100 411 1167 453 con·

177 479 329 539 drmarere
345 484 457 552 sortes,
481 484 511 535 ut
533 475 669 555 quidquid
689 478 832 555 cogitaret
851 476 1043 555 volveretque
1060 478 1167 554 animo,

179 559 334 641 quamlibet
350 577 498 637 magnum,
520 559 549 618 id
574 579 640 620 esse
661 569 866 640 proventurum
890 561 1111 639 pollicerentur;
1139 571 1169 621 et

178 663 249 704 unus
265 661 303 704 ex
317 643 463 705 nobilibus
480 645 602 724 captivis
621 643 761 722 losepns,
784 662 846 704 cum
872 647 1037 706 coiceretur
1056 646 1085 707 in
1105 647 1166 704 vin-

179 729 253 806 cula,
272 729 501 789 constantissime
517 730 696 788 asseveravit
711 729 776 789 iore
792 737 821 788 ut
842 727 877 788 ab
895 729 998 789 eodem
1013 728 1096 788 brevi
1107 730 1190 792 sol-s

178 821 311 889 veretur,
335 831 434 872 verum
457 814 511 873 ianr
533 813 716 890 imperatore.
751 812 959 873 Nuntiabantur
982 822 1010 873 et
1034 830 1071 872 ex
1095 813 1168 873 urbe

178 898 342 979 praesagia,
357 895 503 957 Neronem
518 896 618 956 diebus
634 896 737 956 ultimis
752 897 887 956 monitum
905 914 959 975 per
975 899 1115 974 quietem,
1139 906 1169 957 ut

177 991 289 1042 tensam
303 980 381 1040 lovis
393 979 498 1058 Optimi
512 979 628 1040 Maximi
643 999 659 1040 e
679 982 809 1041 sacrario
824 981 853 1038 in
868 978 981 1040 domum
992 983 1168 1060 Vespasiani

177 1076 205 1126 et
220 1063 285 1125 inde
298 1065 327 1124 in
342 1065 447 1126 circum
462 1063 632 1134 deduceret;
656 1082 690 1124 ac
706 1082 764 1124 non
781 1065 869 1125 multo
885 1073 967 1143 post,
985 1066 1099 1125 comitia
1121 1085 1166 1124 se·

176 1148 261 1210 cundi
280 1148 443 1209 consulatus
459 1151 575 1208 ineunte
590 1147 693 1226 Galba,
711 1157 831 1209 statuam
847 1148 913 1208 Divi
932 1147 985 1210 loli
1006 1148 1042 1209 ad
1064 1148 1165 1210 Orien·
1178 1171 1203 1212 ra

61 1249 66 1262 ·
175 1243 232 1295 tem
244 1241 349 1311 sponte
361 1249 545 1302 conversam;
562 1234 682 1310 acieque
693 1232 882 1309 Betriacensi,
899 1234 978 1312 prius
991 1251 1074 1311 quam
1088 1251 1166 1294 com-

175 1320 345 1394 mitteretur,
362 1315 432 1377 duas
448 1317 560 1396 aquilas
575 1317 604 1378 in
617 1326 775 1396 conspectu
788 1317 911 1376 omnium
927 1317 1107 1394 conflixisse,
1124 1320 1167 1376 vi-

176 1412 281 1481 ctaque
296 1401 387 1461 altera
402 1403 608 1479 supervenisse
622 1402 735 1462 tertiam
747 1400 784 1461 ab
802 1401 873 1462 solis
888 1409 990 1461 exortu
1012 1419 1047 1461 ac
1069 1402 1167 1462 victri-

148 1493 239 1547 6cem
254 1483 402 1561 abegisse.
441 1483 504 1545 Nec
523 1494 618 1545 tamen
632 1486 783 1564 quicquam
802 1493 867 1545 ante
885 1487 1050 1564 temptavit,
1069 1502 1166 1565 prom·
1202 1491 1203 1562 ζ

175 1569 312 1650 ptissimis
329 1577 413 1646 atque
429 1570 513 1628 etiam
530 1569 700 1629 instantibus
714 1571 789 1646 suis,
806 1587 891 1648 quam
906 1569 1078 1630 sollicitatus
1094 1586 1166 1647 quo·
1178 1563 1203 1658 ¹³l

175 1651 293 1713 rundam
311 1659 339 1711 et
353 1654 518 1728 ignotorum
536 1662 565 1712 et
579 1652 738 1713 absentium
752 1653 873 1714 fortuito
888 1652 999 1713 lavore.
1027 1693 1029 1700 ι
1202 1701 1203 1708 ,

237 1734 376 1797 Moesiaci
392 1737 537 1796 exercitus
553 1735 617 1796 bina
635 1755 651 1794 e
668 1735 758 1796 tribus
779 1735 943 1814 legionibus
965 1735 1058 1814 milia,
1078 1738 1168 1798 missa
1202 1729 1203 1744 ¹

176 1820 283 1882 auxilio
300 1819 414 1896 Othoni,
430 1829 583 1899 postquam
598 1821 739 1897 ingressis
755 1822 810 1881 iter
821 1823 976 1881 nuntiatum
990 1830 1044 1898 est,
1059 1821 1168 1882 victuum

174 1922 240 1966 eum
254 1923 289 1965 ao
305 1904 361 1964 vim
375 1904 451 1965 vitae
469 1923 539 1965 suae
555 1904 702 1983 attulisse,
722 1904 811 1965 nibdo
828 1905 917 1966 setius
931 1904 1095 1984 Aquileiam
1119 1925 1168 1965 us-

176 2008 232 2070 que
257 1998 538 2068 perseveraverunt,
568 1989 648 2067 quasi
668 1990 775 2050 rumori
796 1989 888 2050 minus
910 1988 1072 2050 crederent.
1121 1988 1201 2048 lhiac

176 2094 229 2154 per
244 2073 429 2133 occasionem
444 2091 478 2134 ac
489 2072 633 2134 licentiam
645 2075 719 2133 omni
734 2075 897 2151 rapinarum
907 2090 1018 2150 genere
1029 2075 1169 2150 grassati,

177 2177 240 2220 cum
254 2159 386 2219 timerent
409 2156 521 2218 nasibi
545 2159 672 2217 reversis
696 2156 843 2217 reddenda
864 2159 937 2218 ratio
961 2174 996 2217 ac
1017 2154 1169 2216 subeunda

176 2260 270 2323 poena
286 2251 380 2318 esset,
397 2241 548 2301 consilium
562 2241 684 2302 inierunt
699 2240 825 2318 eligendi
848 2239 1021 2319 creandique
1044 2241 1170 2319 impera·
1202 2233 1203 2288 l

174 2327 260 2393 toris:
284 2343 379 2405 neque
401 2327 475 2386 enim
496 2324 658 2386 deteriores
678 2343 745 2386 osse
767 2333 814 2384 aut
827 2323 1011 2403 Hispaniensi
1034 2324 1169 2384 exercitu

177 2411 224 2488 qui
239 2408 432 2494 Galbam,taut
447 2410 633 2488 praetoriano
652 2411 699 2488 qui
715 2408 932 2488 Othonem,laut
945 2408 1169 2470 Germaniciano
1179 2429 1201 2470 a

175 2493 224 2573 qui
239 2493 387 2554 Vitellium
401 2492 550 2554 fecissent.
587 2492 748 2572 Propositis
764 2495 860 2573 itaque
877 2491 1036 2554 nominibus
1051 2490 1169 2570 legato·

174 2595 236 2637 rum
255 2575 457 2652 consularium,
474 2585 544 2655 quot
558 2577 664 2657 ubique
680 2587 748 2638 tono
764 2586 857 2654 erant,
875 2596 937 2637 cum
953 2586 1067 2637 ceteros
1077 2575 1170 2638 alium
1202 2635 1203 2650 ,

174 2661 230 2724 alia
244 2661 281 2722 de
298 2678 383 2721 causa
398 2659 611 2739 improbarent,
631 2671 659 2722 et
675 2661 786 2740 quidam
800 2680 816 2722 e
832 2661 950 2738 legione
966 2661 1066 2738 tertia,
1090 2677 1170 2739 quae
1202 2721 1203 2741 ,

174 2746 227 2807 sub
244 2747 323 2806 exitu
336 2741 461 2806 Neronis
475 2745 612 2806 translata
632 2764 669 2806 err
685 2747 767 2822 Syria
783 2746 811 2806 in
825 2743 964 2806 Moesiam
978 2745 1089 2820 luerat,
1105 2745 1170 2806 Ve-
1202 2775 1203 2820 p

174 2833 338 2910 spasianum
355 2828 486 2890 laudibus
501 2829 622 2907 terrent,
640 2847 794 2892 assensere
811 2828 906 2889 cuncti
920 2845 1082 2907 nomenque
1099 2829 1168 2890 eius

173 2914 288 2976 vexillis
309 2913 439 2974 omnibus
461 2913 522 2974 sine
544 2931 625 2975 mora
646 2915 863 2993 inscripserunt.
901 2913 939 2974 llt
959 2922 1027 2973 tuuc
1048 2911 1168 2990 quidem
1202 2955 1203 2996 ,

175 3016 404 3077 compressores
419 3007 474 3074 est,
491 2999 638 3060 revocatis
654 2998 689 3059 ad
703 2997 830 3058 ollicium
851 2999 975 3058 numeris
997 3014 1166 3076 parumper.
1202 3041 1203 3050 ,

174 3081 308 3144 Ceterum
323 3081 471 3160 divulgato
485 3083 576 3160 dacto,
593 3082 726 3143 'liberius
743 3080 911 3143 Alexander
925 3080 1091 3160 praelectus
1104 3079 1166 3142 Ae·

172 3168 255 3245 gypti
273 3167 380 3247 primus
394 3168 422 3227 in
439 3166 530 3228 rerba
541 3167 715 3245 Vespasiani
730 3165 863 3308 legioqes
878 3163 975 3242 adegit
986 3164 1033 3225 lll.
1046 3153 1168 3244 lulbqui

173 3251 349 3330 principatus
369 3249 476 3324 diesin
488 3259 636 3330 posterum
650 3248 820 3313 observatus
833 3257 886 3310 est.
911 3247 1043 3309 Iudaicos
1056 3247 1203 3320 derideas

174 3335 318 3394 exercitus
333 3335 370 3410 Y.
386 3333 453 3394 ldus
465 3334 518 3395 lul.
529 3333 612 3414 lapud
627 3334 719 3413 ipsum
734 3335 846 3396 iuravit.

238 3401 518 3497 PlurimunTmr‘eprtis
530 3414 716 3478 'contulerunt
729 3420 863 3480 iactatum
884 3416 1033 3495 exemplar
1054 3415 1167 3493 epistu-

172 3495 320 3558 laeseras
335 3501 396 3559 sive
411 3501 502 3562 falsae
523 3499 649 3560 defuncti
667 3499 787 3562 Othonis
808 3506 843 3562 ad
862 3499 1090 3580 Vespasianum,
1114 3517 1167 3562 ex·
1202 3571 1203 3580 χ
