2434 3908
449 224 655 274 PRAEFATIO.
886 225 1007 274 Lxxvtt

21 431 22 434 ,
107 387 231 446 istimem.
275 387 318 440 lle
341 383 450 455 quidem
475 385 707 441 contradicentem
728 403 782 442 non
800 387 929 457 habebit,
954 383 1001 457 qui
1042 433 1050 443 .

108 477 191 528 totum
206 485 307 541 corpus
323 468 476 525 Latinarum
491 469 644 524 litterarum
663 470 799 526 historiae
815 471 1002 527 Suetonianae

109 560 212 628 septem
229 549 274 609 vel
290 559 353 608 octo
368 553 472 608 libellis
490 552 649 608 constitisse
665 553 719 609 sibi
737 554 917 626 persuaserit.

165 638 293 694 Fortasse
314 643 428 707 quaerat
446 636 546 706 aliquis
565 636 664 707 ecquid
685 644 776 694 exstet
796 638 909 707 indicii,
929 639 1002 694 unde

110 723 218 778 eluceat
242 737 295 791 quo
318 719 490 790 potissimum
516 726 639 790 tempore
661 719 811 777 Suetonius
834 723 886 777 hos
912 721 1001 779 libros

109 804 229 862 edidisse
252 804 395 868 videatur;
424 819 513 874 neque
535 803 778 874 praetermittenda
798 811 862 860 sunt
875 822 946 876 qnae
967 806 1003 861 ad

108 905 166 945 eam
186 904 244 943 rem
268 886 471 944 diiudicandum
492 885 657 957 pertineant.
703 885 782 952 Quod
807 889 832 944 si
854 887 1001 944 illustrium

107 972 228 1028 virorum
247 972 280 1026 ab
302 971 352 1027 illo
373 970 538 1042 scriptorum
558 976 649 1026 aetate
671 977 825 1042 postremos
849 972 1001 1029 contuleri-

106 1072 165 1112 mus
179 1072 240 1111 cnm
254 1055 289 1110 iis
306 1069 375 1125 quos
391 1069 445 1109 non
462 1053 585 1124 scripsit,
600 1053 746 1125 probabile
761 1054 892 1110 iudicium
907 1055 1000 1111 iacere

107 1139 276 1204 videbimur;
304 1135 428 1193 vinorum
456 1137 527 1192 enim
551 1137 706 1192 nominibus
732 1145 760 1192 et
779 1138 845 1194 vitis
871 1138 1003 1194 abstinuit

105 1224 277 1280 necessario.

169 1305 397 1364 Commemoravit
415 1304 502 1376 igitur
530 1321 557 1375 p.
576 1310 627 1364 272
652 1303 863 1374 Quintilianum,
884 1306 1001 1375 lsaeum,

104 1389 202 1447 lulium
217 1391 344 1447 'lironem
357 1391 496 1456 rhetores,
513 1403 582 1458 quos
595 1394 739 1458 antequam
754 1387 818 1443 libri
835 1389 869 1444 de
883 1388 1003 1444 lllnstri-

21 1477 22 1484 ’
104 1474 156 1530 bus
171 1475 240 1531 siris
256 1474 404 1528 ederentur
420 1470 492 1527 diem
508 1471 603 1527 obisse
621 1476 741 1543 oportet.
785 1472 841 1527 lam
855 1470 1001 1537 Quintilia-

104 1573 156 1614 nus
171 1558 216 1613 vel
232 1554 388 1611 Domitiano
400 1556 445 1611 vel
459 1552 549 1610 Nerua
565 1555 718 1627 imperante
733 1555 791 1611 fato
806 1551 1001 1631 concessit⁶²),

21 1633 22 1638 '
102 1640 201 1696 isaeus
219 1640 269 1694 sub
285 1637 365 1694 initia
379 1638 551 1710 principatus
560 1639 669 1694 Traiani
685 1655 783 1694 annum
798 1639 1001 1711 sexagesimum

102 1729 268 1778 excesserat
279 1727 349 1777 teste
365 1721 454 1777 Plinio
473 1721 553 1793 epist.
566 1728 593 1792 2,
606 1730 633 1792 3,
649 1730 675 1780 5.
693 1723 744 1778 etr.
761 1723 900 1780 luvenalis
911 1731 938 1794 3,
951 1729 1000 1788 74;

101 1805 203 1862 lulium
221 1805 359 1874 Tironem,
379 1821 459 1876 quem
481 1806 604 1860 nonnulli
626 1806 754 1876 imperite
773 1824 832 1862 cum
857 1807 1001 1864 Ciceronis

102 1889 208 1944 liberto
225 1885 291 1961 (clr.
312 1906 340 1960 p.
355 1893 416 1958 289,
435 1883 483 1960 14)
501 1889 692 1952 confuderunt,
709 1889 781 1944 idem
797 1890 900 1946 Plinius
919 1891 1000 1963 epist.

103 1978 139 2042 6,
159 1979 192 2032 31
214 1980 347 2028 mortuum
364 1987 427 2026 esse
449 1971 533 2026 tradit
549 1988 608 2026 cum
626 1972 758 2027 Traianus
774 1973 801 2027 in
816 1973 901 2029 Dacia
917 1980 1002 2043 esset,

102 2056 124 2110 i.
144 2072 169 2114 e.
188 2055 385 2116 ann0105vel
403 2059 463 2113 106.
484 2053 554 2108 llinc
572 2055 727 2110 certissime
743 2056 877 2125 sequitur,
893 2061 922 2110 ut
939 2062 1003 2127 post

104 2154 202 2196 annum
218 2145 268 2199 106
286 2139 314 2194 hi
330 2138 396 2194 libri
412 2137 479 2194 editi
495 2137 558 2192 sint.

166 2223 243 2278 Nunc
260 2222 407 2279 videndum
422 2222 456 2278 de
474 2220 510 2277 iis
527 2236 596 2292 qnos
615 2221 789 2291 Tranquillus
805 2236 859 2276 non
876 2220 1000 2294 scripsit.

101 2305 205 2362 Eorum
220 2313 277 2362 tres
292 2306 414 2375 nomino,
431 2305 589 2361 iuvenalem
605 2305 727 2360 Tacitum
742 2301 858 2358 Plinium
865 2298 911 2378 ⁸³).
953 2305 1000 2360 lu·

101 2391 210 2446 venalis
229 2390 367 2459 vitarum,
391 2407 458 2461 quas
485 2388 574 2444 editas
600 2388 664 2444 vide
690 2388 761 2458 apud
783 2386 910 2443 0ttonem
934 2389 1001 2445 lahn

100 2479 199 2546 p·386‚
213 2475 314 2529 nnllam
329 2473 456 2530 Suetonii
471 2489 504 2529 ac
521 2489 556 2527 ne
571 2471 639 2528 satis
651 2472 761 2542 quidem
775 2479 909 2528 vetustam
926 2489 1000 2544 esse,

100 2557 157 2615 iam
174 2557 246 2614 inter
264 2573 359 2613 omncs
373 2561 495 2619 constat:
511 2555 637 2626 singulae
654 2554 725 2610 enim
741 2557 802 2628 plns
820 2555 943 2612 minusve
959 2558 1000 2613 la-

100 2640 220 2697 bnlosae
240 2648 303 2697 sunt
324 2647 352 2695 et
372 2640 445 2696 nnlla
468 2640 521 2694 fide
538 2640 654 2709 dignae,
676 2655 736 2694 cum
761 2640 796 2694 de
816 2639 877 2712 ipsa
899 2647 1000 2712 poetae

99 2730 193 2781 aetate
213 2729 323 2780 taceant
342 2730 389 2780 ant
411 2723 480 2780 salsa
505 2722 630 2792 tradant,
656 2739 736 2793 quem
761 2740 786 2779 a.
809 2729 858 2783 127
880 2723 908 2779 in
928 2723 1001 2779 vivis

100 2852 309 2862 -—-——

169 2917 215 2984 62)
231 2920 304 2971 Falso
321 2922 446 2972 viventem
459 2920 572 2970 nonnulli
588 2937 602 2971 a
619 2921 699 2970 Plinio
715 2929 739 2972 et
756 2922 875 2972 Iuvenale
891 2934 1000 2970 comme·

98 2989 194 3038 morari
209 2990 351 3041 voluerant.
387 2989 500 3039 Pliniana
515 2990 621 3054 epistole
636 2989 666 3049 6,
687 2989 721 3040 32
738 2991 761 3040 si
778 3006 838 3041 vere
854 2989 887 3039 od
902 2988 1001 3048 Quinti-

98 3057 196 3108 lianum
214 3057 273 3108 datu
296 3065 348 3118 est,
375 3057 438 3107 nihil
462 3072 555 3108 causae
573 3065 677 3124 apparet
698 3074 742 3108 cnr
762 3059 794 3110 de
817 3059 894 3110 Fabio
915 3057 999 3122 magis

98 3139 176 3190 qnam
192 3127 224 3177 de
240 3125 321 3176 Nonio
336 3127 465 3192 cepiatnr3
487 3125 614 3177 rhetorem
630 3127 714 3176 omnia
730 3128 881 3188 excludunt,
910 3125 956 3175 cir.
972 3125 998 3187 2,

99 3194 143 3254 14,
162 3193 187 3246 9.
210 3194 235 3256 6,
253 3193 282 3257 b,
297 3195 321 3246 3.
358 3193 484 3245 luvenalis
503 3194 574 3246 locus
591 3197 616 3255 7,
633 3194 682 3246 189
699 3195 730 3244 de
747 3205 846 3246 mortuo
861 3194 924 3260 agit,
942 3195 1008 3243 cnm·

95 3261 143 3313 ille
160 3277 211 3314 non
227 3263 308 3315 soleat
328 3263 378 3314 nisi
394 3269 507 3314 mortuos
523 3279 636 3330 carpere.

168 3347 216 3412 63)
238 3348 301 3398 Nam
315 3349 347 3399 de
363 3346 448 3399 Salvio
464 3349 562 3399 Iuliano
580 3357 605 3399 et
622 3349 747 3398 Frontone
763 3355 788 3397 et
803 3347 918 3413 Ulpiano,
934 3362 998 3412 qnos

95 3413 241 3482 llerntann,
263 3417 338 3484 credo
355 3425 382 3466 ut
398 3418 568 3468 centenarium
587 3431 717 3467 numeram
735 3417 879 3482 compleret,
897 3425 996 3484 postre-

93 3497 155 3536 mos
174 3485 247 3549 tecit,
266 3485 433 3550 Hieronymus
448 3485 595 3552 Eutropium
615 3486 657 3537 lib.
677 3486 742 3536 Vlll.
756 3495 883 3538 auctorem
899 3484 993 3537 habuit.
