2468 3912
475 241 579 290 mvus
601 241 727 291 rubrus.
1060 229 1100 291 23

104 417 236 483 quosque
268 397 402 459 Caesaris
431 399 556 476 amicos;
595 414 715 477 quornm
746 396 832 458 Gaius
865 396 991 476 Oppius,
1020 397 1102 475 quasi

104 487 190 567 plane
223 482 394 543 defensione
418 500 453 542 ac
476 483 638 561 patrocinio
661 499 710 541 res
735 489 854 559 egeret,
877 479 979 540 libmm
1003 480 1101 558 edidit,

105 587 161 630 non
184 585 250 628 esse
280 565 530 642 Caesarislilium,
560 583 645 644 quem
671 564 827 644 Cleopatra
860 562 945 626 dicat.
981 564 1102 625 Helvius

107 653 196 716 llinna
212 652 271 714 PR.
286 651 340 711 PL.
358 651 506 730 plerisque
534 649 688 709 confessus
704 658 750 708 est
766 649 902 710 babuisse
918 667 950 710 se
966 652 1103 729 scriptam

84 745 289 819 sparatamqne
314 734 427 813 legem,
455 752 539 813 quarn
557 732 665 794 Caesar
686 734 765 794 ferre
785 736 918 794 iussisset
948 751 1011 793 cnm
1039 733 1104 813 ipse

107 822 240 898 abesset,
268 821 308 881 uti
331 836 439 879 uxores
460 818 617 878 liberorum
632 816 862 897 quaerendorum
885 836 971 879 causa
987 836 1057 898 quar
1075 826 1105 878 et

108 914 175 987 quot
190 905 281 966 vellet
296 903 404 963 ducere
423 902 536 964 liceret.
559 902 604 963 Ac
621 920 658 962 ne
675 903 719 962 cui
742 901 857 962 dubium
875 903 991 961 omnino
1006 903 1052 980 sit,
1076 911 1105 962 et

108 988 299 1070 impudicitiae
320 996 349 1048 et
372 987 577 1049 adulteriorum
599 987 741 1064 llagrasse
763 986 893 1064 infamia,
916 985 1003 1046 Gurio
1021 995 1104 1066 pater

107 1073 226 1156 quadam
247 1091 310 1133 enm
335 1073 465 1132 oratione
488 1073 612 1132 omnium
634 1069 785 1130 mulierum
811 1071 902 1130 virum
930 1079 958 1129 et
980 1072 1104 1131 omnium

73 1161 235 1220 sorborum
249 1157 398 1217 mulierem
412 1155 551 1235 appellat.

170 1244 236 1303 Vini
257 1241 455 1320 parcissimum
475 1258 511 1300 ne
535 1240 639 1299 inimici
659 1238 773 1318 quidem
790 1247 980 1317 negaverunt.
1012 1239 1147 1305 biarciss

108 1326 226 1388 caronis
249 1334 311 1403 est,
341 1343 434 1385 coum
448 1341 488 1384 ec
502 1323 642 1384 omnibus
659 1323 827 1385 Coccurcm
847 1323 891 1384 cd
909 1322 1105 1385 auertendum

106 1409 339 1488 rempublicam
353 1408 492 1469 sobrium
509 1409 690 1469 accessisse.
713 1408 785 1470 Nam
802 1409 878 1468 circa
895 1409 1001 1468 victum
1017 1407 1104 1468 Gaius

4 1502 14 1516 '
108 1495 218 1574 Oppius
241 1492 313 1554 adeo
337 1492 547 1553 indifferentem
570 1492 673 1570 docet,
703 1502 733 1553 ut
765 1492 907 1572 quondam
931 1492 967 1552 ab
989 1491 1103 1571 bospite

74 1578 252 1639 reconditum
267 1577 362 1637 oleum
373 1593 427 1656 pro
444 1575 526 1636 viridi
541 1575 718 1656 adpositum,
742 1576 964 1657 aspernantibus
986 1577 1103 1653 ceteris,

108 1663 200 1724 solum
215 1662 299 1722 etiam
313 1661 422 1740 largius
439 1662 587 1741 appetisse
609 1662 733 1740 scribat,
763 1680 800 1722 ne
821 1661 966 1741 hospitem
987 1670 1034 1722 aut
1053 1678 1103 1720 ne·

108 1747 275 1824 glegcntiae
296 1754 343 1805 aut
357 1747 525 1806 rusticitatis
546 1745 693 1807 videretur
718 1764 852 1825 arguere.
892 1745 1146 1807 Abstinentiamsl

108 1847 202 1908 neque
216 1830 245 1888 in
259 1829 388 1909 imperiis
402 1848 497 1908 neque
514 1832 543 1889 in
558 1830 772 1907 magistratibus
790 1831 942 1910 praestitit.
975 1830 1014 1891 Ut
1029 1830 1103 1889 eninr

109 1912 221 1994 quidam
245 1914 434 1972 monumentis
456 1916 515 1972 suis
536 1915 633 1974 testati
653 1923 734 1991 sunt,
764 1916 792 1974 in
819 1913 956 1993 Hispania
979 1931 1103 1994 procon-

71 1997 173 2058 cosule
195 2005 253 2056 eta
274 1997 362 2056 sociis
383 1997 522 2075 pecunias
546 1999 661 2076 accepit
687 1997 880 2058 emendicatas
911 1999 939 2057 in
970 1998 1104 2059 auxilium
1215 2013 1222 2026 ·

108 2083 183 2142 aeris
212 2080 297 2141 alieni
325 2088 354 2140 et
380 2079 577 2140 Lusitanorum
606 2081 744 2158 quaedam
775 2081 899 2161 oppida,
937 2099 1104 2159 quamquain

108 2183 163 2224 nec
179 2165 317 2244 imperata
332 2164 528 2224 detrectarent
543 2173 571 2223 et
590 2164 753 2224 advenienti
773 2173 874 2244 portas
894 2165 1104 2243 patefacerent,

108 2248 223 2328 diripuit
243 2247 398 2308 hostiliter.
426 2248 459 2307 ln
478 2247 570 2310 Gallia
589 2248 655 2309 lana
673 2249 837 2328 templaque
856 2247 940 2308 deum
956 2249 1038 2308 donis
1058 2265 1103 2306 re·

108 2333 182 2392 ferta
210 2333 364 2411 expilavit,
386 2332 474 2393 urbes
501 2331 584 2393 diruit
607 2334 723 2413 saepius
744 2332 782 2393 ob
802 2332 937 2412 praedam
962 2350 1045 2411 quam
1067 2332 1104 2391 ob

72 2414 258 2483 scdelictnm;
278 2416 353 2477 unde
368 2417 491 2494 factum,
518 2425 548 2476 ut
560 2433 629 2477 auro
650 2416 807 2478 abundaret
823 2418 970 2498 ternisque
991 2416 1106 2477 milibus

107 2517 246 2559 nummum
262 2502 290 2559 in
305 2499 394 2560 libras
410 2501 593 2580 promercale
612 2519 666 2580 per
684 2500 794 2562 ltaliam
816 2502 1039 2582 provinciasque
1064 2500 1103 2559 di·

106 2583 256 2643 venderet.
278 2584 311 2643 ln
326 2586 418 2664 primo
434 2585 584 2646 consulatu
600 2586 652 2645 tria
673 2585 749 2647 milia
767 2586 864 2666 pondo
887 2587 947 2647 auri
963 2587 1105 2646 iuratuse

108 2665 269 2746 Capitolio,
296 2668 460 2728 tantundem
480 2671 600 2730 inaurati
618 2671 694 2729 aeris
714 2671 855 2749 reposuit.
890 2671 1054 2730 societates
1070 2685 1105 2727 ac

105 2769 198 2827 regna
221 2754 317 2830 pretio
338 2753 432 2830 dedit,
456 2753 553 2832 utqui
576 2754 623 2812 uni
643 2753 810 2814 Ptolemaeo
832 2773 927 2834 prope
953 2771 1006 2812 sex
1028 2751 1104 2811 milia

71 2850 97 2892 ao
108 2834 279 2896 talentorum
300 2853 352 2896 suo
374 2837 551 2917 Pompeique
572 2839 686 2897 nomine
709 2837 872 2900 abstulerit.
910 2837 1016 2897 Postea
1031 2852 1103 2894 vero

107 2917 329 2979 euidentissimis
353 2921 462 3000 rapinis
486 2939 520 2981 ac
542 2921 694 2998 sacrilegis
712 2931 741 2982 et
761 2940 850 2984 onera
875 2920 1018 2981 bellorum
1036 2920 1103 2979 civi·

105 3003 173 3062 lium
194 3012 222 3062 et
238 3003 444 3083 triumphorum
467 3023 502 3065 ac
522 3021 669 3064 munerum
690 3007 822 3066 sustinuit
844 3003 996 3085 impendia.

165 3084 340 3166 Eloquentia
359 3089 531 3168 militarique
554 3106 586 3147 re
613 3097 661 3147 aut
689 3092 822 3168 aequavit
844 3089 1146 3168 praestantissimo-55

105 3187 167 3229 rum
197 3169 319 3248 gloriam
337 3181 384 3232 aut
414 3174 550 3232 excessit.
594 3171 664 3232 Post
691 3175 906 3234 accusationem
932 3171 1103 3232 Dolabellae

72 3252 182 3314 asbaud
199 3254 284 3315 dubie
299 3256 478 3336 principibus
492 3257 622 3335 patronis
643 3255 841 3318 adnumeratus
859 3265 912 3317 est.
954 3254 1040 3316 Certe
1058 3254 1102 3316 Gi-

107 3355 177 3398 cero
193 3337 228 3398 ad
241 3338 373 3418 Brutum,
398 3348 531 3400 oratores
551 3357 736 3417 enumerans,
758 3349 847 3419 negat
867 3359 900 3401 se
920 3340 1036 3417 videre,
1058 3339 1103 3400 cni

106 3420 213 3481 debeat
234 3421 343 3484 Caesar
364 3424 487 3502 cedere,
509 3426 605 3503 aitque
630 3442 694 3484 eum
715 3425 893 3504 elegantem,
925 3423 1103 3503 splendidam

4 3525 12 3544 ν
107 3521 222 3583 quoque
246 3515 331 3586 atque
347 3511 431 3568 etiarn
446 3509 626 3585 magnificam
642 3518 671 3569 ct
690 3527 863 3589 generosam
880 3509 1002 3592 quodam
1017 3508 1102 3568 rnodo
