2466 3896
124 185 164 250 98
198 196 227 245 c.
245 192 394 244 sunnoru
411 191 539 252 namo.
551 192 599 239 nu
617 194 699 240 vsun
716 193 899 243 consensu
915 195 984 242 nm.
996 195 1049 243 111.

124 352 324 435 praetorianis.
353 349 561 410 Germaniciani
574 348 687 427 quidem
703 349 786 409 etiam
801 350 963 429 principem
979 350 1114 413 detracta

124 441 192 500 bant
207 453 264 496 non
280 454 296 496 a
311 452 343 496 se
358 433 468 510 datum,
487 449 650 512 summaque
669 433 697 491 vi
714 432 927 511 Germanicum,
951 436 998 513 qui
1014 443 1071 496 tum
1086 437 1126 496 iis

123 526 274 604 praeerat,
289 519 325 580 ad
338 516 543 596 capessendam
558 535 618 576 rem
630 537 659 597 p.
675 518 833 594 urgebant,
850 536 1019 598 quamquam
1034 519 1123 580 obfir-

123 615 199 667 mate
213 606 405 665 resistentem.
438 602 529 677 Quem
544 603 665 661 maxime
682 619 778 661 casum
794 603 913 680 timens,
935 611 1046 681 portes
1060 604 1125 667 etot

124 707 204 773 qnos
218 689 341 750 senatui
353 685 477 761 liberet,
499 685 630 746 tuendos
646 687 678 746 in
690 705 725 746 re
736 704 769 764 p.
787 686 975 767 depoposcit,
995 689 1122 768 quoodo
1136 705 1157 747 c

123 775 287 837 colomnae
301 770 446 851 sufficere
459 770 545 831 solus
559 789 645 831 ccmo
657 776 782 849 posset,
798 773 860 832 nisi
877 789 944 832 cum
957 772 1057 834 altero
1071 773 1123 835 ccl

123 859 215 922 ctiam
229 876 296 919 cum
307 855 462 935 pluribus
494 854 644 914 Simulavit
655 863 684 914 et
696 855 888 932 valitudinem,
905 873 962 936 quo
979 859 1121 936 aequiore

123 945 216 1005 animo
228 941 412 1004 Germanicus
427 939 553 1000 celerem
568 939 784 999 successionem
796 940 844 1000 vel
857 950 936 1000 certe
950 943 1123 1002 societatem

123 1030 301 1108 principatus
322 1026 514 1106 opperiretur.
546 1021 721 1102 Compositis
736 1024 924 1084 seditionibus
942 1023 1122 1086 Clementem
1227 1020 1231 1040 ⁴

123 1131 254 1194 quoque,
273 1111 373 1172 fraude
392 1109 559 1188 deceptum,
581 1108 695 1186 redegit
714 1109 744 1166 in
758 1118 940 1187 potestatem.
970 1110 1167 1188 Libonem,1o

123 1217 159 1258 ne
181 1196 248 1276 quid
268 1198 297 1255 in
317 1197 444 1257 novitate
460 1194 593 1254 acerbius
607 1195 707 1269 lieret,
731 1193 859 1252 secundo
876 1193 988 1253 demum
1003 1213 1077 1257 anno
1092 1199 1122 1257 in

122 1291 223 1343 senatu
245 1281 391 1358 coarguit,
408 1278 503 1340 medio
522 1278 660 1358 temporis
683 1277 777 1356 spatio
800 1286 906 1338 tantum
929 1297 1036 1340 cavere
1052 1297 1121 1340 con·

122 1376 231 1436 tentus3
248 1384 311 1426 nam
329 1373 357 1426 et
371 1367 446 1423 inter
463 1365 615 1443 pontifices
628 1362 800 1423 sacrificanti
812 1362 894 1422 simul
907 1380 960 1442 pro
974 1365 1121 1445 secespita
1230 1385 1231 1396 ¹

123 1450 285 1531 plumbeum
308 1449 428 1508 cultrum
443 1447 639 1507 subiciendum
660 1447 785 1523 curavit,
807 1454 836 1506 et
850 1457 994 1508 secretum
1010 1451 1121 1528 petenti
1230 1443 1231 1476 ³

121 1535 233 1597 nonnisi
250 1533 375 1594 adhibito
390 1531 485 1592 Druso
508 1532 565 1591 lilio
582 1531 673 1608 dedit,
703 1529 889 1611 dextramque
907 1531 1118 1594 obambulantis
1130 1554 1164 1597 rc

121 1619 211 1679 veluti
225 1615 405 1692 incumbens,
426 1614 519 1693 quoad
534 1624 725 1694 perageretur
740 1633 852 1693 sermo,
869 1619 1016 1677 continuit.

79 1725 113 1780 25
185 1703 292 1763 Verum
312 1700 450 1760 liberatus
470 1706 562 1776 metu,
586 1699 700 1759 civilem
719 1698 868 1759 admodum
889 1702 963 1761 inter
984 1703 1061 1762 initia
1081 1720 1117 1763 ac

122 1787 319 1868 paulominus
342 1803 426 1862 quarn
448 1785 587 1863 privatum
609 1785 676 1860 egit.
712 1781 759 1844 Ex
779 1782 907 1863 plurimis
928 1787 1117 1866 maximisque

120 1869 279 1933 bonoribus
299 1879 416 1948 praeter
438 1885 548 1947 paucos
568 1877 597 1928 et
615 1867 747 1929 modicos
762 1885 820 1929 non
837 1872 959 1949 recepit.
985 1871 1118 1932 Natalem

120 1974 214 2035 sunm,
236 1953 350 2035 plebeis
371 1955 564 2013 incurrentem
587 1951 780 2030 circensibus,
804 1955 854 2013 vix
870 1957 951 2015 unius
967 1955 1054 2032 bigae
1070 1954 1161 2021 adso

119 2042 244 2102 iectione
267 2038 401 2099 honorari
419 2055 523 2118 passus
544 2046 598 2097 est.
627 2037 763 2116 Templa,
781 2038 926 2117 llamines,
949 2039 1120 2101 sacerdotes

120 2125 237 2187 decerni
255 2124 309 2185 sibi
326 2123 486 2203 probibuit,
503 2123 588 2182 etiam
605 2131 712 2183 statuas
726 2130 812 2202 atque
827 2125 967 2200 imagines
984 2126 1038 2184 nisi
1052 2144 1119 2204 per·

43 2243 47 2249 ·
118 2212 247 2271 mittente
269 2227 302 2269 se
326 2210 410 2287 poni:
433 2208 619 2288 permisitque
641 2225 675 2267 ea
697 2205 761 2268 sola
784 2207 967 2285 conditione,
989 2227 1026 2268 ne
1044 2211 1120 2269 inter

120 2295 270 2355 simulacra
292 2294 411 2353 deorum
433 2291 485 2352 sed
508 2293 583 2352 inter
610 2299 776 2351 ornamenta
797 2291 907 2352 aedium
930 2303 1118 2371 ponerentur.

118 2379 288 2441 intercessit
311 2386 339 2436 et
361 2395 417 2456 quo
435 2378 526 2436 minus
542 2377 570 2435 in
586 2385 651 2436 acta
669 2393 719 2435 sua
735 2377 892 2454 iuraretur,
913 2388 942 2437 et
957 2397 993 2439 ne
1010 2380 1161 2441 mensisac

119 2461 293 2541 September
308 2460 451 2539 Tiberius,
468 2460 597 2521 October
611 2460 707 2519 Livius
722 2469 905 2520 uocarentur.
938 2461 1120 2523 Praenomen

119 2565 236 2628 quoque
257 2546 506 2625 imperatoris
530 2561 751 2624 cognomenque
766 2546 885 2623 patris
906 2548 1066 2625 patriae,
1089 2557 1121 2607 et

120 2633 240 2694 civicam
266 2632 294 2690 in
323 2629 467 2691 vestibulo
496 2646 633 2690 coronam
654 2631 813 2698 recusavit;
844 2648 878 2690 ao
900 2648 937 2690 ne
958 2630 1119 2710 Augusti

119 2717 231 2802 quidem
252 2732 371 2793 nomen,
394 2732 561 2796 quamquam
581 2713 799 2790 hereditarium,
821 2713 887 2774 ullis
909 2716 962 2776 nisi
978 2715 1014 2776 ad
1029 2734 1119 2792 reges

118 2821 153 2863 ac
176 2801 311 2878 dynastas
337 2800 468 2878 epistolis
491 2799 607 2860 addidit.
636 2797 700 2859 Nec
722 2798 843 2878 amplius
864 2817 947 2877 quam
967 2817 1036 2859 mox
1057 2809 1160 2866 tressa

119 2885 299 2963 consulatus,
327 2903 412 2945 unum
438 2885 539 2963 paucis
565 2881 682 2959 diebus,
706 2881 826 2943 alterum
846 2881 937 2943 tribus
958 2883 1118 2962 mensibus,

118 2973 230 3032 tertium
246 2970 352 3032 absens
365 2987 456 3048 usque
470 2969 498 3027 in
511 2967 578 3029 ldus
591 2968 681 3028 llaias
697 2966 800 3044 gessit.

75 3067 107 3123 at
178 3054 366 3116 Adulationes
387 3052 461 3113 adeo
482 3061 631 3113 aversatus
653 3059 714 3128 est,
740 3060 770 3112 ut
791 3053 932 3113 neminem
952 3060 1119 3113 senatorum

118 3149 164 3200 aut
180 3140 268 3200 oflicii
285 3148 333 3200 aut
347 3137 458 3216 negotii
474 3155 559 3197 causa
576 3135 611 3196 ad
628 3135 762 3196 lecticam
778 3154 856 3197 suam
874 3136 1031 3213 admiserit,
1049 3152 1117 3195 con-

118 3223 241 3282 sularem
257 3241 344 3300 vero,
361 3221 584 3282 satisfacientem
598 3219 653 3280 sibi
669 3237 704 3280 ac
719 3238 772 3298 per
787 3239 883 3299 genua
900 3237 986 3282 orare
1010 3238 1116 3281 conan·
1126 3227 1155 3273 ³⁸

117 3317 193 3382 tem,
216 3306 254 3364 ita
276 3307 426 3383 suffugerit
449 3314 479 3365 ut
494 3304 610 3367 caderet
627 3304 759 3382 supinus;
783 3315 868 3386 atque
887 3307 986 3382 etiam,
1009 3304 1117 3383 siquid

117 3392 145 3450 in
161 3405 293 3448 sermone
308 3390 356 3449 vel
375 3391 403 3448 in
419 3390 551 3449 continua
568 3390 700 3449 oratione
712 3387 842 3450 blandius
860 3387 895 3450 dc
910 3408 944 3450 se
959 3389 1115 3468 diceretur,

117 3491 174 3534 non
202 3469 343 3533 dubitaret
366 3472 553 3551 interpellare
577 3490 612 3533 ac
638 3472 854 3554 reprehendere
883 3482 912 3534 et
940 3483 1116 3536 commutare
1203 3485 1225 3528 ἐ
