2434 3908
198 267 261 314 xvt
543 266 748 316 PRAEFATIO.

205 442 260 498 que
276 430 392 481 aetatem
408 442 496 497 usque
516 427 573 482 ad
566 426 677 510 rnnperii
691 425 770 481 initia
788 441 921 482 annorum
937 424 1034 481 ordine
1052 441 1105 480 ox·
1120 459 1124 468 -

204 515 305 582 ponat,
327 515 383 564 tum
398 525 466 565 vero
487 525 578 567 mores
599 527 651 584 per
672 511 830 566 universum
854 507 964 580 imperii
985 508 1105 581 spatium

118 593 122 600 '
204 592 316 665 publice
330 591 514 665 privatimque
533 593 660 667 proditos
680 593 841 664 singillatim
856 609 946 664 nequa
966 609 1017 664 per
1032 599 1106 648 tem-

204 692 273 748 pora
299 676 350 732 sed
369 693 420 749 per
437 676 548 749 species
562 677 693 734 uirtutum
717 678 761 732 vel
782 677 913 733 vitiorum
935 680 1106 747 exsequatur

204 761 245 831 (p.
261 765 304 827 20,
321 767 362 820 13.
379 765 429 829 tt,
445 766 493 825 18;
508 766 557 831 65,
576 757 624 836 17)
641 761 760 832 denique
776 776 871 816 rursus
887 765 1040 832 temporum
1055 775 1106 815 or-

204 843 297 898 dinem
311 859 430 914 sequens
445 843 548 901 indicia
564 861 627 901 mox
642 844 757 922 laturae
767 842 863 900 mortis
880 842 1025 916 ipsumque
1041 843 1106 899 obi-

205 932 260 980 tum
276 943 335 981 cnm
352 928 507 984 testamenti
523 928 686 1000 quibusdam
702 927 839 1000 capitibus
855 933 976 983 enarret.
1008 925 1106 998 Neque

176 1019 181 1030 ’
206 1014 295 1065 tamen
318 1010 433 1066 eundem
454 1028 563 1084 semper
587 1012 712 1068 ordinem
732 1011 760 1066 in
785 1010 958 1083 explicandis
980 1011 1105 1068 moribus

206 1092 346 1162 servavit,
368 1093 417 1149 sed
441 1095 487 1150 ubi
507 1112 553 1151 res
569 1095 711 1168 postulare
726 1095 787 1151 visa
805 1101 864 1164 est,
881 1094 928 1150 vel
948 1111 963 1150 a
982 1093 1106 1168 publicis

205 1177 252 1233 vel
270 1194 285 1233 a
299 1175 415 1249 privatis
433 1179 554 1235 moribus
571 1179 679 1246 initium
696 1179 812 1250 sumpsit
827 1179 999 1251 primumque
1012 1178 1106 1236 locum

205 1261 252 1316 vel
262 1261 414 1318 minoribus
425 1263 470 1318 vel
486 1263 636 1320 maioribus
650 1263 735 1318 rebus
750 1261 835 1319 dedit.
868 1262 920 1318 Per
932 1261 1106 1319 omniabano

205 1344 260 1401 sibi
277 1345 367 1415 legem
381 1345 532 1419 scripsisse
545 1347 670 1417 videtur,
693 1363 727 1401 ne
740 1346 797 1402 ulla
817 1345 846 1401 in
863 1362 894 1402 ra
910 1344 1043 1403 incertam
1058 1351 1107 1402 aut

206 1445 282 1485 suam
297 1435 344 1485 aut
358 1429 474 1486 aliorum
489 1431 647 1502 opinionem
669 1435 835 1502 sequeretur
847 1445 937 1501 neque
951 1428 1107 1502 interposi-

206 1512 242 1567 tis
259 1512 490 1584 disputationibus
505 1515 638 1571 lectorum
655 1515 760 1571 animos
771 1518 964 1586 praepararet,
981 1514 1031 1571 sad
1042 1511 1106 1568 ubi-

206 1611 260 1666 que
276 1597 401 1668 exempla
423 1598 560 1655 luculenta
575 1603 746 1670 proponeret
766 1613 868 1668 resque
889 1597 973 1654 rebus
989 1597 1105 1653 coniun-

206 1686 295 1750 geret.
339 1679 419 1736 Addo
439 1682 533 1738 miram
553 1681 694 1738 scribendi
714 1680 879 1737 brevitatem
900 1681 1104 1752 verborumque

204 1762 415 1835 parcimoniam,
431 1771 459 1820 et
473 1765 615 1836 intelliges
631 1771 708 1820 recte
726 1764 782 1821 dici
799 1765 912 1838 solere,
925 1765 1028 1820 nullum
1043 1764 1104 1819 lero

204 1847 369 1918 scriptorem
383 1854 436 1903 lam
458 1850 561 1929 exiguo
579 1849 652 1904 libro
669 1855 768 1904 tantam
790 1864 881 1903 rerum
903 1848 1103 1903 multitudinem

204 1945 237 1986 eo
252 1935 294 1986 tot
305 1931 441 2003 exquisita
454 1933 557 1988 veteris
568 1931 703 1988 historiae
720 1939 748 1986 ot
758 1931 833 1988 vitae
850 1932 1013 1992 documenta
1028 1946 1104 1986 com-

202 2014 394 2087 prehendisse.

265 2097 380 2154 Dicendi
395 2116 498 2170 genere
514 2116 580 2155 usus
599 2091 641 2156 e‘st
658 2099 777 2195 simplici
788 2115 820 2156 ac
831 2115 912 2171 puro,
928 2099 1030 2154 nullam
1042 2097 1103 2153 iero

207 2182 362 2254 elegantiae
379 2184 487 2240 laudem
509 2182 654 2240 allectante
677 2183 730 2238 nisi
748 2182 889 2262 singulis
881 2199 909 2237 ιιι
927 2182 1021 2238 verbis
1037 2195 1104 2253 pro-

206 2267 388 2340 prietatem,
380 2285 407 2322 ιιι
422 2268 523 2324 iunctis
536 2257 774 2340 perspicuitatem.
818 2265 962 2322 Praesenti
978 2272 1104 2337 tempore

206 2351 241 2406 de
255 2351 416 2422 praeteritis
432 2353 514 2407 rebus
532 2350 675 2407 rarissime
691 2365 756 2405 usus
772 2354 829 2420 est,
844 2356 874 2404 ut
889 2366 917 2422 p
934 2355 967 2419 9,
984 2357 1025 2408 ll
1041 2353 1104 2417 Μ’,

205 2437 248 2492 tt.
284 2432 339 2488 Sed
354 2434 421 2489 nulli
436 2435 531 2491 virtuti
545 2451 633 2505 aeque
652 2450 685 2489 ac
698 2433 829 2490 brevitati
845 2433 964 2490 inservit
979 2434 1015 2489 ob
1030 2447 1105 2488 enm-

206 2533 260 2588 que
275 2532 384 2574 causam
399 2517 459 2573 eius
475 2517 614 2586 (lassaris,
630 2517 708 2573 cuius
721 2517 804 2573 uitam
818 2517 928 2585 scribit,
945 2532 1044 2572 nomen
1059 2531 1103 2571 ra‹

160 2589 163 2596 ’
207 2599 317 2656 rissime
331 2599 409 2672 ponit
420 2607 447 2656 et
462 2600 609 2672 participia
621 2618 690 2656 unus
703 2601 821 2660 omnium
836 2601 953 2655 maxime
970 2615 1023 2656 non
1036 2614 1105 2654 con-

205 2683 351 2740 temnenda
369 2691 427 2740 arte
444 2684 608 2756 frequentat

49 2763 122 2855 ⁸0¹2?-
118 2769 197 2857 2322·
269 2766 318 2823 ilis
335 2768 420 2838 igitur
434 2769 581 2825 virtutibus
597 2784 656 2823 cum
669 2767 856 2825 Suetonianae
866 2767 1016 2823 Caesarum
1029 2764 1104 2821 vitae

104 2868 144 2907 ιι.ο
194 2852 478 2923 commendarentur,
515 2853 665 2908 mirandum
693 2867 748 2908 non
779 2857 823 2908 est
854 2865 955 2922 magno
985 2847 1106 2905 omnium

207 2937 307 3010 plausu
331 2952 394 2992 assa
412 2943 582 3009 exceptas.
578 2934 660 2991 Nam
674 2951 729 2992 non
747 2935 829 2991 modo
844 2935 1008 3006 frequenter
1023 2930 1107 2987 lecti-

208 3025 281 3076 tataa
303 3025 330 3075 et
350 3037 366 3076 a
386 3021 589 3092 posterioribus
617 3018 777 3088 historicis,
808 3017 868 3075 sive
888 3012 1024 3090 pristinae
1045 3015 1107 3071 sive

209 3102 382 3160 Christianae
404 3104 535 3175 religioni
555 3102 658 3159 addicti
674 3103 801 3173 luerunt,
821 3106 972 3174 excerptae
996 3105 1025 3155 et
1045 3098 1109 3154 imi-

208 3187 292 3244 tando
307 3204 458 3261 expressae
474 3193 546 3264 sunt,
563 3187 614 3242 sed
629 3187 674 3242 vel
690 3185 725 3242 ad
738 3184 859 3242 Graecos
874 3187 1063 3258 pervenerunt
1081 3187 1110 3237 et

208 3285 260 3344 per
282 3276 366 3327 totam
386 3271 503 3327 mediam
528 3276 645 3326 aetatem
665 3269 693 3323 in
716 3286 768 3324 usu
792 3286 855 3326 esse
875 3285 929 3325 non
955 3266 1108 3323 desierunt.

210 3353 360 3425 colligenti
382 3361 506 3411 aeterum
528 3354 694 3426 scriptorum
716 3353 795 3409 locos
816 3354 861 3409 vol
882 3349 1041 3408 nominatim
1063 3347 1112 3404 vel

210 3442 294 3495 tacite
305 3438 464 3510 Tranquillo
477 3438 586 3512 debitos
600 3436 756 3509 apparebit,
772 3437 873 3492 nullam
887 3435 948 3490 lare
960 3433 1111 3490 Caesarum

209 3520 338 3594 paginam
369 3521 534 3579 testimoniis
564 3518 767 3591 insequentium
794 3520 960 3592 scriptorum
986 3512 1112 3574 destitui·
1202 3568 1203 3571 ,
