2392 3926
179 213 455 264 nnannnuuoauu
477 193 658 263 sinuosum
683 215 883 274 numuumn.
914 265 919 274 ,
970 202 1029 263 aot

32 375 152 454 propius
176 388 278 432 causas
299 369 439 429 liburnica
461 370 691 451 praetendisset,
728 388 783 429 nec
812 369 1032 430 adversantibus

32 458 127 517 ventis
146 473 277 537 remeare
289 464 407 533 posset,
423 447 451 511 ii
467 452 595 532 pulveris
609 472 643 513 ao
657 453 776 514 favillae
795 472 955 533 oppressus
975 462 1032 530 est,
1059 505 1064 516 .

33 541 83 600 vel
94 539 243 618 utquidam
256 540 442 598 existimante
455 554 542 597 servo
558 555 611 597 suo
626 539 753 612 occisus,
770 556 854 616 quem
868 538 1032 614 aestudell-

35 621 278 698 ciensnt‘t'ldoem
289 622 343 681 sihi
355 631 511 682 maturaret
526 630 671 681 oraverat.
701 619 753 681 Eat
770 621 1032 702 lidrisNoturolt's

12 708 184 769 alictarius
198 706 292 767 Pttutt
305 704 396 767 Sacc.
419 703 596 766 XI-XV,
617 752 624 764 .
645 752 652 765 .
674 704 719 764 De
735 705 793 765 hoc
814 706 905 766 refert
928 709 1032 767 Sueto-

34 796 97 862 nius
114 790 295 869 Tranquillus
320 792 397 871 quod
411 791 497 851 valde
509 791 626 851 miratur-
638 791 729 848 virum
744 789 913 850 militaribus
929 791 1034 851 oiliciis

35 877 160 938 deditum
175 885 251 935 tanta
268 892 443 953 componere
461 867 591 952 potuisse
607 875 691 938 etiam
707 875 819 934 ratione
836 876 928 942 vitae;
959 894 1034 949 nam,

34 955 65 1019 u't
80 961 148 1019 dicit
162 960 236 1020 idem
252 959 406 1019 Suetonius
422 961 449 1017 in
462 959 538 1018 libro
553 957 590 1018 dc
603 956 681 1017 Viris
693 958 863 1035 illustribus,
880 959 945 1017 dum
959 959 1035 1018 idem

35 1045 142 1104 Plinius
157 1044 290 1120 legiones
306 1044 334 1100 in
350 1042 476 1127 Siciliam
491 1044 629 1119 duceret,
648 1044 801 1120 eruptione
817 1042 978 1103 favillarum
999 1042 1034 1101 ab

13 1129 129 1187 ertna
144 1127 331 1186 eructantium
348 1126 533 1205 praefocatus
555 1127 662 1186 interiit
676 1143 749 1185 anno
764 1129 841 1186 vitae
858 1145 933 1200 suae
956 1127 1034 1204 quin·

36 1211 206 1289 quagesima
228 1219 312 1269 sexto
336 1219 365 1270 et
385 1212 414 1268 in
433 1211 530 1278 Sicilia
548 1210 709 1270 tumulatur.
747 1208 859 1272 Breuis
875 1210 1036 1272 adnotatio

36 1296 76 1354 de
94 1293 214 1355 duobus
227 1292 336 1354 Plintis
408 1294 538 1355 collecta
556 1313 613 1372 per
628 1292 775 1356 Ioannem
788 1294 1037 1358 Mamtoaurtum

40 1377 242 1439 Veroceascm
256 1379 354 1459 (uano
368 1378 492 1439 circiter
504 1375 591 1458 1313)
613 1377 700 1456 opud
713 1377 916 1440 Rezaoaicam
933 1387 949 1439 1
962 1397 997 1458 p.
1008 1387 1034 1438 7.

107 1463 152 1511 His
176 1462 296 1512 librorum
319 1463 355 1512 de
382 1463 476 1512 Viris
500 1462 693 1513 illustribus
717 1464 830 1529 reliquiis
846 1465 920 1514 certis
944 1464 1036 1514 addere

12 1543 164 1594 rotamquam
181 1546 227 1596 per
244 1539 355 1580 saturam
372 1531 431 1582 libet
450 1531 586 1597 particulas
608 1532 703 1595 aliquot
721 1531 850 1594 chronici,
872 1548 935 1596 quas
954 1541 1036 1582 nuum

38 1599 159 1652 Suetonio
177 1614 209 1648 an
229 1601 272 1649 nlii
292 1601 377 1665 potius
394 1600 511 1666 scriptori
527 1601 619 1650 debere
630 1600 800 1665 Hieronymus
813 1602 935 1652 dicendus
953 1602 985 1652 sit
998 1600 1024 1650 di

38 1683 112 1718 verse
125 1668 206 1716 doctis
216 1669 299 1718 visum
312 1678 358 1718 est.

101 1734 232 1812 Nigidius
246 1735 382 1816 Figulus,
399 1736 608 1812 Pythagoricus
622 1747 651 1797 et
666 1756 783 1814 magus,
794 1741 832 1798 'in
848 1738 937 1798 exilio
953 1739 1037 1797 mori·

41 1831 86 1881 tur
102 1837 132 1879 o.
150 1826 211 1879 709.
226 1828 289 1879 710.

12 1927 31 1968 u
104 1904 222 1963 Servius
237 1903 382 1981 Sulpicius
396 1904 466 1961 iuris
482 1905 630 1976 consultus
647 1914 676 1964 et
691 1904 722 1967 P.
738 1907 879 1966 Servilius
893 1905 1038 1966 Isauricus
1072 1949 1074 1956 s

41 1986 277 2066 puhlico'lunere
295 1988 365 2047 elati
379 2004 409 2046 u.
428 1996 492 2049 710.

101 2070 234 2130 Artorius
259 2070 389 2130 medicus
406 2070 529 2148 Augusti
545 2081 611 2150 post
626 2071 775 2132 Actiacum
795 2073 946 2133 victoriam
970 2067 1037 2132 nau·

42 2156 135 2231 iragio
153 2155 230 2233 perit
244 2170 274 2214 a.
293 2162 360 2215 725.
379 2162 446 2215 726.
632 2209 635 2216 r
975 2199 984 2222 .

105 2239 261 2298 Anaxilaus
284 2237 469 2317 Larissaeus,
490 2238 699 2317 Pythagoricus
723 2251 751 2301 et
772 2259 890 2318 magus,
921 2240 956 2300 ab
981 2239 1039 2302 Au·

18 2333 129 2400 agusto
149 2322 221 2382 urbe
236 2322 377 2402 Italiaque
393 2323 510 2400 pellitur
525 2341 555 2383 o.
575 2333 642 2386 728.

104 2404 230 2481 Pylades
255 2403 345 2483 Cilix,
367 2409 570 2485 pantomimus,
603 2426 666 2467 cum
687 2418 806 2468 veteres
825 2409 882 2487 ipsi
903 2399 1041 2470 canerent

44 2501 129 2568 atque
146 2489 300 2564 saltarent,
319 2492 425 2568 primus
441 2490 551 2551 Romae
567 2492 684 2552 chorum
700 2503 729 2552 et
743 2492 865 2554 fistulam
881 2493 937 2553 sibi
957 2509 1040 2572 prae·
1093 2521 1094 2527 ¹

21 2609 25 2624 ι
46 2577 142 2633 cinere
156 2572 226 2632 lecit
241 2590 270 2632 u.
286 2581 350 2633 732.
369 2583 431 2634 733.

105 2651 224 2717 Servius
246 2655 370 2717 Plautius
388 2660 452 2737 lod
476 2660 610 2739 Plautus]
641 2663 768 2740 corrupti
789 2661 839 2720 lilii
863 2661 931 2720 r'eus
950 2670 1043 2720 semet

23 2743 71 2800 oin
86 2740 191 2800 iudicio
207 2740 385 2801 interdicito.
403 2749 469 2802 777.
763 2749 765 2754 ’

105 2825 201 2884 lunius
216 2822 326 2901 Gallio,
343 2825 433 2886 irater
448 2828 594 2904 Senecae,
618 2830 756 2906 egregius
779 2828 957 2888 declamator
973 2846 1041 2907 pror

46 2910 106 2985 pria
123 2926 155 2968 se
176 2927 258 2967 manu
277 2909 422 2968 interiecit
437 2929 467 2970 u.
487 2919 553 2972 817.
569 2919 635 2971 818.

105 2991 137 3052 t.
160 2991 296 3052 Annaeus
318 2994 448 3069 Seneca,
470 2993 684 3072 Cordubensis,
715 3004 893 3074 praeceptor
918 2994 1043 3057 Neronis

27 3127 28 3134 ,
49 3084 75 3132 ct
92 3083 207 3153 patruus
223 3075 330 3136 Lucani
347 3087 454 3155 poetae
466 3081 607 3139 incisione
621 3097 758 3140 venarum
772 3089 801 3138 et
813 3085 926 3138 veneno
939 3079 1044 3140 hausto

28 3161 131 3250 pperiit
157 3179 186 3220 o.
214 3168 342 3221 818...
364 3163 445 3220 Sotio
482 3162 672 3241 philosophus
697 3162 926 3242 Alexandrinus,
959 3183 1044 3244 prae-

29 3255 32 3350 p
50 3251 150 3319 ceptor
164 3245 313 3321 Senecae,
329 3245 424 3305 clarus
446 3246 568 3306 habetur
583 3265 613 3307 u.
632 3255 699 3310 765.
718 3255 784 3309 too.

30 3359 32 3410 p
109 3325 139 3390 L.
156 3333 292 3388 Annaeus
308 3328 415 3404 llelas,
433 3331 564 3391 Senecae
583 3332 674 3392 irater
689 3341 718 3392 et
735 3330 886 3408 Gallionis,
901 3333 977 3394 bona
992 3335 1045 3396 Ln-
1141 3365 1146 3376 ·
1164 3357 1167 3364 ’

31 3411 32 3458 l
51 3410 111 3467 cani
126 3421 232 3489 poetae
246 3413 295 3472 lilii
312 3416 385 3474 suia
401 3412 517 3475 Nerone
532 3426 714 3494 promeretur
730 3434 760 3475 a.
779 3423 844 3476 821.
860 3424 927 3478 822.

113 3493 192 3554 Titus
208 3495 368 3557 Musonium
384 3497 486 3559 liulum
500 3499 535 3560 de
552 3501 640 3561 exilio
657 3510 777 3562 revocat
792 3517 820 3561 u.
839 3509 903 3562 883.
