2450 3910
439 191 441 194 ⁵
538 233 642 282 nuso.
1023 223 1085 282 177

91 397 205 472 praeter
220 388 364 466 legumina
379 397 426 448 aut
441 388 541 449 holera
557 390 684 466 veniret,
711 406 774 448 cum
794 398 878 450 antea
900 388 1005 449 nullum
1025 407 1083 449 non

92 473 202 536 obsonii
218 490 311 550 genus
327 481 554 552 proponeretur;
571 473 668 532 afflicti
685 473 835 552 suppliciis
853 472 1015 554 Christiani,
1031 492 1082 552 ge-

2 607 12 614 .
90 577 141 618 nus
157 557 300 616 bominum
314 558 528 636 superstitionis
540 575 633 616 novae
650 557 858 628 acmaleiicae;
874 559 955 617 vetiti
969 557 1082 637 quadri-

91 644 234 722 gariorum
248 641 337 717 lusus,
354 641 456 721 quibus
471 642 629 700 inveterata
644 641 761 700 licentia
785 643 892 720 passim
912 642 1082 720 vagantibus

71 725 191 787 sfallere
208 744 242 787 ac
255 726 344 785 furari
364 743 417 804 per
441 725 537 784 iocum
558 727 602 785 ius
624 734 699 795 erat;
723 727 959 802 pantomimorum
979 727 1081 787 factio-

90 829 141 871 nes
158 829 220 870 cum
233 812 303 890 ipsis
323 809 406 868 simul
421 809 755 886 ‹relegataeaadversus
775 808 910 870 falsarios
932 821 999 871 tunc
1021 813 1079 891 pri·
1091 823 1124 880 17

90 913 162 962 mum
190 904 353 974 repertum,
374 911 411 952 ne
437 893 552 953 tabulae
579 895 633 952 nisi
663 901 799 972 pertusae
821 911 856 954 ac
878 904 923 953 ter
945 895 1004 955 lino
1028 914 1082 974 per

90 979 228 1040 foramina
244 980 366 1038 traiecto
385 977 621 1056 obsignarentur;
647 987 759 1037 cautum
779 985 809 1036 ut
829 982 1006 1038 testamentis
1026 981 1081 1057 pri-

90 1082 152 1125 mae
167 1063 240 1122 duae
259 1079 355 1139 cerae,
372 1071 541 1123 testatorum
555 1061 641 1122 modo
656 1063 769 1121 nomine
790 1063 948 1140 inscripto,
973 1075 1082 1124 vacuae

59 1166 83 1210 to
91 1148 243 1227 signaturis
260 1145 490 1224 ostenderentur,
505 1165 540 1206 ac
556 1165 591 1204 nc
607 1148 655 1224 qui
671 1146 756 1205 alieni
774 1149 936 1206 testamenti
957 1149 1083 1224 scriptor

90 1233 214 1310 legatum
233 1230 292 1290 sibi
313 1230 492 1300 ascriberet·n
509 1232 575 1290 item
598 1239 628 1290 ut
652 1230 815 1307 litigatores
836 1249 890 1310 pro
915 1231 1083 1309 patrociniis

91 1326 197 1376 certam
217 1319 376 1393 iustamque
399 1313 579 1391 mercedem,
602 1331 655 1392 pro
678 1313 815 1374 subsellis
839 1314 944 1375 nullam
968 1315 1082 1374 omnino

90 1401 199 1476 darent,
216 1397 375 1479 praebente
391 1400 503 1458 aerario
517 1399 653 1475 gratuita;
671 1406 758 1476 utque
770 1416 866 1458 rerum
876 1409 941 1459 aotu
955 1398 991 1460 ab
1003 1417 1082 1459 aera·
1097 1399 1117 1408 ”

1 1548 5 1565 ,
90 1485 133 1545 rio
153 1501 257 1542 causae
279 1481 314 1542 ad
337 1482 428 1542 forum
450 1501 484 1542 ac
506 1483 722 1560 reciperatores
743 1483 980 1561 transferrentur,
1003 1491 1033 1542 et
1053 1491 1084 1542 ut
1092 1498 1135 1540 te
1161 1517 1183 1550 ιι

57 1585 81 1628 1⁵
92 1586 190 1629 omnes
207 1566 421 1646 appellationes
436 1584 453 1626 a
469 1565 609 1626 iudicibus
625 1565 661 1625 ed
675 1575 804 1626 senatum
822 1567 934 1628 fierent

153 1649 287 1728 Augendi
301 1650 564 1730 propagandique
555 1652 667 1729 imperii
681 1666 775 1728 neque
790 1651 938 1712 voluntate
955 1650 1013 1712 ulla
1034 1665 1081 1711 ne·
1091 1661 1126 1716 18
1221 1693 1222 1728 ;

91 1754 146 1836 que
164 1752 216 1814 spe
234 1744 327 1794 motus
343 1753 484 1834 umquam,
506 1737 589 1796 etiam
611 1753 650 1794 ex
667 1733 811 1795 Britannia
832 1734 978 1796 deducere
999 1752 1081 1796 exer·
1221 1781 1222 1784 ,

2 1875 6 1902 ,
91 1821 175 1880 citum
192 1819 341 1896 cogitavit,
357 1836 412 1878 nec
427 1821 482 1878 nis1
474 1819 690 1895 verecundia,
712 1837 749 1878 ne
771 1819 937 1881 obtrectare
955 1822 1105 1899 parentis
1149 1851 1151 1856 v
1221 1821 1222 1824 ’

90 1904 203 1982 gloriae
219 1902 376 1978 rideretur,
394 1901 510 1962 destitit.
554 1903 637 1962 Pohti
650 1903 737 1962 modo
757 1921 878 1980 regnum
904 1903 1082 1966 concedente

57 1988 260 2064 ²⁰Polemoue,
283 1988 350 2045 item
369 1985 485 2065 Alpium
507 1986 643 2046 defuncto
663 1984 760 2046 Cottio
782 1988 811 2045 iu
831 1989 1001 2066 provinciae
1025 1988 1082 2046 for

89 2089 162 2132 mam
177 2069 300 2148 redegit.

153 2154 408 2232 Peregrinationes
422 2153 492 2214 duas
514 2155 628 2212 omnino
650 2154 788 2232 suscepit,
811 2152 1035 2215 Alexandrinam
1056 2163 1085 2212 et
1093 2167 1128 2221 19
1221 2157 1222 2160 ’

2 2299 3 2304 ,
90 2238 262 2308 Achaicam3
294 2237 345 2299 sed
371 2235 602 2298 Alexandrina
594 2255 659 2315 ipso
678 2237 870 2316 profectionis
893 2237 939 2298 die
965 2237 1083 2312 destitit,

90 2323 221 2384 turbatus
241 2323 384 2400 religione
406 2321 545 2396 simulac
567 2321 710 2400 periculo.
753 2320 825 2381 Nam
847 2337 918 2382 oum*
931 2341 1008 2382 circu
1049 2381 1052 2386 ι

55 2407 207 2486 atenplis
222 2409 250 2466 in
267 2407 339 2468 aede
354 2408 463 2468 Vestae
481 2405 640 2466 resedisset
642 2408 851 2483 ,consurgenti
867 2408 894 2466 ei
908 2323 1084 2488 ριῐιιιιιιιιιγιῐῖιΙ

65 2494 168 2553 crura
182 2490 328 2566 obhaesit
354 2489 456 2550 deinde
472 2499 549 2550 tanta
564 2490 668 2550 oborta
689 2491 784 2568 caligo
807 2501 873 2568 est,
888 2500 918 2550 ut
938 2491 1084 2570 dispicere
1221 2547 1222 2550 ,

90 2593 149 2636 non
165 2584 274 2654 posset.
317 2574 349 2634 ln
364 2573 474 2637 Achaia
489 2572 624 2633 lstlunum
640 2574 797 2652 perfodere
811 2575 977 2654 adgressus,
1021 2593 1100 2635 rae·
1133 2582 1135 2586 ’
1194 2634 1209 2649 ,,

92 2661 220 2722 torianos
243 2676 297 2758 pro
320 2661 460 2718 contione
475 2657 511 2718 ad
532 2657 722 2718 inchoandum
746 2677 819 2738 opus
841 2659 974 2720 cohortat

91 2743 218 2822 tubaque
234 2745 318 2820 signo
336 2741 401 2803 dato
418 2744 525 2822 primus
542 2743 662 2802 rastello
673 2743 784 2803 humum
796 2744 895 2804 effodit
906 2754 935 2804 et
947 2668 1085 2813 corbddae

56 2847 82 2890 aa
93 2836 262 2904 congestam
279 2829 384 2887 umeris
401 2827 514 2887 extulit:
555 2827 678 2888 Patebat
693 2838 722 2888 et
737 2827 773 2888 ad
788 2827 909 2907 Caspias
922 2837 1024 2907 portas
1035 2831 1129 2891 ειιι

92 2911 283 2990 peditionem,
305 2912 469 2993 conscripta
496 2931 533 2972 ex
558 2910 666 2972 Italicis
687 2931 786 2972 senum
816 2912 920 2991 pedum
944 2909 1085 2971 tironibus

91 3011 169 3055 nova
189 2994 321 3072 legione,
344 3013 428 3074 quam
447 2995 543 3072 Magni
563 2994 721 3056 Alexandri
743 2996 888 3076 phalanga
909 2994 1085 3082 appellabat.

155 3077 236 3139 llaec
251 3080 353 3158 partim
368 3079 445 3139 nulla
457 3080 698 3158 reprehensione,
720 3082 823 3160 partim
845 3083 930 3140 ctiam
949 3096 1007 3139 non
1025 3097 1086 3141 me

92 3160 186 3224 diocri
201 3163 283 3224 laude
302 3161 409 3244 digna
401 3181 428 3222 ιιι
444 3182 528 3224 unum
544 3163 666 3240 contuli,
682 3173 712 3224 ut
727 3181 912 3224 secernerem
932 3183 948 3224 a
970 3161 1085 3244 pruinas

55 3265 82 3306 so
96 3265 132 3308 ac
149 3245 351 3308 sceleribus
324 3265 404 3325 erus,
402 3247 448 3306 de
465 3245 567 3326 quibus
583 3209 686 3309 debidc
702 3248 804 3309 dicam
927 3261 930 3266 ’
968 3259 971 3265 ’

156 3329 236 3392 Inter
253 3340 367 3392 ceteras
393 3330 559 3431 disciplinas
583 3331 725 3410 pueritiae
752 3341 899 3410 tempore
897 3331 1035 3390 imbutus
1052 3339 1128 3393 etho

91 3417 214 3493 musica,
231 3419 324 3476 statim
340 3424 370 3475 ut
393 3417 541 3493 imperium
559 3414 680 3494 adeptus
701 3425 755 3493 est,
772 3415 919 3495 'l'erpnum
940 3413 1082 3476 citharocss

92 3497 171 3574 dum,
191 3501 336 3576 vigentem
355 3509 422 3559 tunc
442 3508 559 3578 praeter
578 3499 668 3578 alios,
685 3501 822 3562 arcessiit·
839 3499 997 3581 diebusque
1018 3517 1085 3560 oon-

139 3602 292 3643 suaroruos.
855 3584 892 3646 12
993 3630 995 3634 -
