2468 3912
127 241 167 302 76
211 253 241 303 o.
256 252 405 302 sueuom
423 252 549 312 canno.
565 253 612 299 os
628 253 709 300 vmn
731 252 913 301 censurium
928 255 997 302 nrn.
1013 255 1049 300 11.

365 345 374 384 t

126 409 239 469 facilius
261 408 392 467 efficeret
411 416 457 466 aut
471 407 577 467 necubi
592 408 733 467 lectorem
749 408 796 466 vel
812 408 969 468 auditorem
984 408 1124 470 obturba-

124 501 170 552 ret
193 509 228 552 ac
247 500 423 566 moraretur,
446 509 540 572 neque
563 491 798 570 praepositiones
815 491 933 552 urbibus
949 492 1057 553 addere
1071 512 1124 553 ne-

126 594 182 654 que
207 575 424 635 coniunctiones
447 577 563 654 saepius
584 577 690 635 iterare
712 574 863 654 dubitavit,
885 594 958 654 quae
974 577 1124 638 detractae

125 659 247 720 afferunt
260 658 367 736 aliquid
384 659 582 737 obscuritatis,
606 661 660 718 etsi
675 662 796 736 gratiam
811 670 926 738 augent.
957 659 1125 721 Cacozelos

125 751 154 803 et
168 743 361 822 antiquarios,
379 753 407 802 ut
424 743 539 804 diverso
554 762 664 822 genere
680 744 812 821 vitiosos,
830 744 892 823 pari
905 744 1021 804 fastidio
1038 763 1146 823 spre-s

124 828 175 903 vit,
188 827 411 906 exagitabatque
426 845 649 906 nonnumquam;
667 829 694 886 iu
708 830 807 906 primis
818 828 1015 889 Maecenatem
1029 847 1122 906 suum,

33 929 35 934 ’
125 912 206 971 cuius
226 910 459 992 mprobrecbis,
475 921 505 971 ut
523 913 576 987 ait,
600 911 757 972 dulciarios
779 930 870 990 usque
890 930 1004 990 quaque
1021 930 1122 991 perse·
1168 970 1174 980 ,

124 998 219 1076 quitur
238 1006 267 1056 et
287 996 421 1056 imitando
438 1014 491 1075 per
505 998 600 1055 iocum
615 993 724 1054 irridet.
751 995 810 1055 Sed
824 1014 880 1056 nec
893 995 1010 1056 Tiberio
1028 997 1122 1075 parcit
1229 987 1230 1000 ¹

124 1091 154 1140 et
175 1082 307 1143 exoletas
324 1079 463 1140 interdum
478 1088 506 1138 et
522 1078 688 1138 reconditas
704 1079 795 1140 voces
812 1081 974 1158 aucupanti.
1005 1081 1043 1141 lt.
1058 1080 1122 1160 qui⁴

123 1165 187 1226 dem
205 1166 361 1226 Antonium
386 1173 414 1224 ut
440 1165 567 1222 insanum
593 1164 740 1240 increpat,
771 1165 852 1241 quasi
879 1182 912 1224 ea
936 1165 1120 1242 scribentem,
1132 1184 1159 1225 ro

123 1268 197 1328 quae
216 1251 353 1309 mirentur
375 1249 470 1326 potius
490 1246 621 1307 homiues
644 1264 728 1323 quam
749 1248 933 1325 intellegant;
957 1248 1061 1310 deiude
1078 1249 1120 1308 lu·

123 1333 193 1393 deus
217 1333 320 1393 malum
341 1340 369 1391 et
389 1333 558 1390 inconstans
580 1332 607 1388 iu
629 1330 765 1407 eligendo
782 1351 893 1409 genere
909 1331 1023 1392 dicendi
1038 1335 1119 1410 iuge·

121 1420 195 1477 nium
212 1418 289 1493 eius,
308 1414 384 1475 addit
399 1416 487 1475 haec:
508 1413 610 1494 Tuque
622 1413 757 1492 dubitas,
773 1415 934 1476 Cimberne
943 1413 1063 1477 Aonius
1077 1434 1120 1476 cm
1206 1433 1214 1449 ⁴

126 1500 277 1560 terasso
296 1498 428 1559 atacem
447 1499 587 1559 sorranus
605 1499 667 1559 stoi
688 1498 760 1575 rtur,
782 1501 828 1561 tto
848 1506 881 1560 ot
894 1499 1015 1577 certo,
1038 1517 1120 1581 quae
1219 1483 1228 1625 q

122 1584 253 1661 Crispos
266 1581 434 1642 Sallustios
455 1582 610 1660 excerpsit
627 1601 666 1642 ec
684 1580 864 1662 Originibus
880 1582 1026 1660 Catonis,
1047 1591 1115 1645 ota·
1128 1605 1154 1648 rs

119 1669 187 1727 ris?
202 1683 243 1726 art
254 1666 358 1743 potios
369 1663 577 1726 Asiaticorum
592 1673 751 1727 oratorem
765 1667 870 1728 imanis
881 1669 1038 1729 sententiis
1048 1686 1115 1729 oer-

121 1751 228 1811 borum
258 1748 437 1810 volubilitas
463 1749 495 1808 ic
520 1755 657 1810 nostrum
682 1768 851 1814 sermonem
876 1750 1118 1829 transferenda?

119 1835 156 1894 Et
177 1833 297 1913 quadam
319 1834 442 1911 epistola
459 1833 640 1911 Agrippinae
657 1836 752 1915 neptis
769 1836 913 1915 ingenium
931 1835 1131 1913 conlaudans*

119 1917 183 1979 Sed
196 1935 274 1996 opus
291 1924 350 1994 est,
375 1918 480 1997 iuquit,
505 1917 583 1978 dore
599 1924 628 1978 te
642 1937 784 1997 operam,
803 1939 841 1981 ue
854 1921 979 1982 moleste
992 1919 1118 1982 scribas

121 2009 151 2062 et
168 2003 317 2082 loquoris.
1125 2025 1152 2066 so

77 2080 109 2138 87
182 2085 332 2147 Cotidiano
364 2103 499 2147 sermone
527 2088 666 2166 quaedam
691 2089 870 2168 frequentius
898 2098 927 2147 et
952 2089 1117 2150 notabiliter

120 2189 276 2251 usurpasse
306 2190 382 2248 eom,
412 2171 525 2232 litterae
550 2173 641 2252 ipsius
667 2172 865 2251 autographae
894 2181 1058 2249 ostentant,
1088 2175 1116 2232 in
1226 2180 1227 2186 ’

121 2255 224 2333 quibus
249 2254 423 2331 identidem,
450 2274 513 2314 cum
540 2257 652 2334 aliquos
677 2275 827 2334 numquam
854 2256 1000 2316 soluturos
1028 2259 1115 2334 signi·
1221 2253 1225 2268 ⁴

121 2340 208 2399 ficare
233 2339 306 2416 vult,
334 2338 377 2399 ad
397 2336 469 2400 liat.
493 2339 634 2401 Graecos
658 2340 815 2400 soluturos
838 2340 890 2410 ait;
917 2348 1028 2400 etcum
1049 2340 1115 2401 bor-

120 2430 194 2481 tatur
215 2423 335 2482 lerenda
358 2440 424 2481 esse
449 2425 627 2500 praesentia,
649 2424 865 2504 qualiacumque
888 2426 958 2501 siut,
985 2430 1152 2486 coelestiis

120 2505 217 2565 simus
236 2505 295 2567 boc
312 2505 449 2575 Catooe;
476 2515 504 2565 et
525 2507 561 2567 ad
581 2506 795 2587 exprimendam
810 2506 962 2567 festinatae
977 2510 1019 2567 rei
1034 2509 1115 2568 velo·
1223 2529 1227 2546 ·

121 2593 252 2666 citatem,
275 2590 405 2650 celerius
424 2606 516 2668 quom
536 2593 688 2671 aspar-opi
707 2596 876 2659 cocootor,·
899 2592 979 2669 ponit
1000 2592 1115 2652 assidue

120 2684 148 2734 et
167 2692 221 2752 pro
245 2673 332 2733 stulto
354 2672 512 2734 berceolum
535 2675 622 2753 apud
636 2676 754 2755 pullum
765 2674 984 2753 polleiooeum,
1009 2685 1038 2735 et
1060 2695 1114 2756 pro

120 2759 224 2818 cerrito
238 2774 454 2834 cacerrosom,
472 2767 500 2818 et
514 2759 627 2838 cupide
641 2779 673 2819 se
690 2759 799 2820 babere
814 2777 867 2839 pro
886 2761 977 2837 male,
994 2770 1022 2820 et
1040 2759 1113 2821 beli·

116 2860 193 2902 sore
213 2861 267 2921 pro
291 2841 444 2919 languere,
472 2844 548 2921 quod
569 2845 658 2921 vulgo
680 2843 881 2905 tactcotmre
904 2844 1019 2914 dieitur;
1046 2847 1113 2905 item
1124 2863 1152 2904 aa

116 2927 213 2986 mmsis
234 2942 415 3005 prosumus,
439 2936 466 2986 et
483 2925 590 2988 domos
607 2930 736 3006 genitivo
754 2947 822 2988 casu
839 2928 976 3006 singulari
993 2946 1047 3007 pro
1064 2928 1114 2988 do·
1223 2978 1228 2989 .

116 3029 186 3071 mus.
216 3009 280 3070 Nec
302 3028 432 3089 umquam
449 3010 531 3070 aliter
551 3011 623 3072 haec
640 3012 712 3090 duo,
732 3030 768 3089 pe
788 3012 851 3090 quis
872 3011 1003 3072 mendam
1022 3015 1115 3090 magis

118 3112 201 3172 quam
219 3094 454 3155 consuetudinem
470 3104 559 3173 putet.

175 3177 282 3237 Notavi
301 3188 330 3238 et
344 3181 371 3238 in
389 3178 586 3258 chirographo
603 3182 664 3239 eius
680 3180 728 3240 illa
745 3183 919 3259 praecipue:
939 3198 996 3240 uon
1016 3180 1115 3240 dividit

116 3258 207 3319 verba
228 3280 282 3320 uec
306 3261 343 3321 ab
364 3271 494 3323 extrema
514 3273 596 3342 parte
617 3281 752 3323 versuum
774 3264 942 3325 abundantis
958 3263 1069 3324 litteras
1086 3267 1152 3328 inst

117 3343 239 3403 alterum
259 3345 410 3423 transfert,
430 3346 482 3406 scd
501 3346 605 3407 ibidem
628 3347 720 3406 statim
742 3348 845 3408 subicit
858 3347 1113 3426 circumducitque.
1224 3346 1226 3359 '

73 3424 376 3506 880rtbographiam,
402 3430 431 3490 id
456 3439 502 3489 est
526 3430 677 3490 formulam
701 3432 900 3511 rationemque
927 3429 1072 3490 scribendi
1098 3450 1114 3491 a
1213 3443 1220 3452 “

117 3509 310 3587 grammaticis
333 3512 498 3586 institutam,
524 3530 580 3573 nou
602 3512 676 3572 adeo
693 3515 817 3575 custodit
835 3532 870 3576 ac
884 3514 996 3574 videtur
1014 3531 1114 3575 eorum
