2450 3910
144 205 204 267 184
232 216 261 265 c.
274 217 424 266 sennenn
440 218 567 278 unaue.
580 219 627 266 on
643 219 725 266 vrun
742 219 924 268 cassanum
938 220 1007 266 nnn.
1020 219 1067 267 vu.

140 371 278 453 silvisque
293 373 388 450 varia,
406 391 469 432 cum
491 372 667 434 multitudine
688 375 778 434 omnis
799 375 916 451 generis
936 373 1078 454 pecudum
1099 393 1134 434 ac
1212 397 1213 416 ¹

72 515 87 524 ,
139 459 274 518 ferarum.
318 457 351 517 ln
366 458 471 516 ceteris
487 456 616 535 partibus
632 467 735 518 cuncta
750 475 819 518 auro
831 458 891 535 lita,
908 457 1040 518 distincta
1053 477 1133 536 gern-
1212 523 1213 526 ,

76 557 99 570 *⁸
139 542 192 600 nnis
210 543 400 620 unionumque
423 540 541 600 conchis
561 551 654 611 erant;
678 544 861 602 coenationes
880 541 1032 621 laqueatae
1052 541 1132 602 tabu·

139 625 175 684 lis
190 624 326 685 eburneis
340 624 534 702 versatilibus,
550 635 580 684 nt
595 625 693 703 flores,
709 625 857 703 listulatis,
876 635 906 685 ut
922 635 1067 702 unguenta
1082 624 1130 685 de-

140 727 228 787 super
252 719 473 788 spargerentur;
501 710 657 788 praecipua
683 711 879 770 caenationum
900 709 1036 786 rotunda,
1058 727 1153 789 quaes

139 801 282 870 perpetuo
296 792 396 852 diebus
411 811 445 853 ac
460 793 594 853 noctibus
611 796 676 853 vice
690 792 784 853 mundi
799 794 1059 871 circumageretur;
1081 792 1131 852 ba-

139 876 234 936 lineae
247 878 362 937 marinis
379 887 407 937 et
428 876 532 957 albulis
553 877 675 938 fluentes
695 871 785 957 aquis.
830 877 900 937 llius
921 876 998 937 modi
1019 875 1132 937 domurn

87 976 94 986 ¹
140 977 203 1019 cum
215 959 373 1022 absolutam
388 960 544 1037 dedicaret,
559 961 698 1021 hactenus
715 961 929 1040 comprobavit,
952 970 986 1042 nt
999 979 1033 1021 ec
1054 961 1130 1032 dice-

137 1053 184 1103 ret
198 1045 291 1124 quoni
303 1045 452 1106 bominem
467 1044 588 1105 tendam
601 1044 746 1106 babitare
760 1046 908 1124 coepisse.

196 1128 352 1190 Praeterea
366 1128 519 1189 inchoabat
534 1131 672 1208 piscinam
695 1148 710 1189 a
732 1129 843 1190 Miseno
866 1129 901 1190 ad
922 1128 1069 1188 Avernum
1088 1128 1128 1188 la·
1140 1147 1165 1188 ro

138 1230 210 1290 cum,
230 1221 393 1274 contectam
409 1213 623 1292 porticibusque
640 1213 819 1290 conclusam,
838 1231 895 1293 quo
911 1213 1047 1293 quidquid
1062 1213 1131 1273 totis
1212 1241 1213 1244 ¹

136 1296 202 1357 Bais
228 1296 382 1360 calidarum
413 1314 548 1375 aquarum
583 1307 662 1358 essct
695 1306 927 1368 converteretur;
955 1297 1064 1357 fossam
1093 1296 1130 1357 ab

136 1380 255 1441 Averno
272 1380 379 1442 Ostiam
396 1399 498 1459 usque,
514 1391 544 1441 ut
557 1381 678 1440 navibus
693 1399 749 1441 nec
764 1391 859 1441 tamen
872 1383 942 1441 mari
952 1383 1052 1458 iretur,
1066 1381 1129 1440 lon·

136 1463 271 1542 gitudinis
287 1483 341 1544 per
356 1473 467 1525 centum
483 1468 635 1542 sexaginta
649 1466 736 1543 milia,
754 1464 923 1541 latitudinis,
946 1483 1001 1543 qua
1017 1473 1128 1525 contra·
1212 1487 1213 1494 ¹

135 1550 196 1608 riae
213 1551 432 1628 quinqueremes
448 1559 648 1610 commearent.
692 1551 818 1625 Quorum
840 1567 959 1628 operum
976 1551 1165 1627 periclen-1⁵

137 1630 236 1690 dorum
253 1634 347 1709 gratia
362 1631 438 1710 quod
452 1632 557 1712 ubique
580 1641 659 1693 esset
679 1633 826 1692 custodiae
849 1635 877 1693 in
890 1632 1000 1693 Italiam
1021 1632 1128 1712 depor-

136 1715 201 1792 tari,
219 1717 303 1777 etiam
320 1716 435 1776 scelere
450 1718 601 1776 convictos
615 1718 727 1776 nonnisi
748 1715 784 1778 ad
807 1735 881 1796 opus
902 1716 1026 1778 damnari
1046 1735 1128 1796 prae·
1212 1731 1213 1744 ¹

137 1816 171 1858 ce
195 1808 266 1859 erat.

174 1816 244 1942 phd
259 1883 333 1943 hunc
345 1884 551 1963 Impendiorum
563 1885 699 1961 furorem,
709 1903 798 1963 super
810 1883 941 1944 fiduciam
953 1885 1075 1963 imperii,
1088 1893 1128 1942 et·
1202 1875 1213 1956 ⁴3

42 2041 44 2048 Α
135 1971 191 2029 iarn
203 1986 257 2047 spe
271 1968 391 2046 quadam
406 1970 556 2048 repentina
569 1969 767 2029 immensarum
780 1976 809 2027 et
820 1968 1032 2029 reconditarum
1041 1981 1165 2046 opumao
1212 1969 1213 2046 ᾗ

136 2051 273 2132 impulsus
302 2061 347 2111 est
375 2070 413 2112 ex
430 2053 534 2113 indicio
555 2054 659 2131 equitis
684 2053 719 2112 R.
739 2069 793 2131 pro
816 2063 966 2131 comperto
987 2052 1128 2131 pollicen-

134 2139 182 2213 tis,
199 2135 351 2197 thesauros
367 2138 578 2216 antiquissimae
593 2154 694 2214 genae,
708 2154 781 2216 quos
794 2134 869 2196 Dido
891 2137 992 2212 regina
1012 2135 1128 2211 lugiens

135 2219 213 2296 Tyro
232 2239 329 2281 secum
351 2221 512 2298 extulisset,
533 2240 599 2282 esse
620 2223 648 2280 in
670 2218 771 2280 Africa
792 2221 960 2278 vastissimis
982 2217 1128 2295 specubus
1212 2221 1213 2228 ’

93 2315 126 2370 lt
138 2305 260 2381 abditos,
278 2323 312 2365 ac
327 2322 415 2384 posse
435 2307 496 2366 erui
513 2304 633 2384 parvula
650 2305 825 2364 molientium
839 2320 939 2381 opera.
969 2303 1077 2363 Verum
1097 2311 1129 2362 ut

136 2406 205 2467 spes
221 2387 335 2465 fefellit,
351 2388 519 2468 destitutus,
537 2399 621 2469 atque
636 2389 675 2448 ita
690 2389 745 2448 iarn
761 2387 916 2448 exhaustus
937 2395 967 2446 et
985 2404 1077 2464 egens
1098 2395 1164 2446 utta

13 2509 14 2516 κ
73 2489 109 2504 ·“’
134 2470 275 2549 stipendia
290 2489 404 2550 quoque
419 2473 536 2533 militum
551 2483 580 2533 et
604 2473 753 2533 commoda
774 2481 977 2532 veteranorum
998 2470 1128 2550 protrahi

134 2573 168 2615 ac
199 2553 306 2614 differri
335 2573 459 2616 necesse
493 2567 589 2635 esset,
623 2556 771 2617 calumniis
804 2556 970 2636 rapinisque
1008 2554 1128 2614 intendit

132 2655 263 2698 animum.

195 2721 271 2782 Ante
287 2726 380 2784 omnia
396 2724 530 2802 instituit,
549 2733 610 2784 ute
634 2725 802 2785 libertorum
824 2723 1022 2784 defunctorum
1041 2721 1127 2781 bouis
1212 2717 1213 2792 i

133 2824 187 2886 pro
202 2808 322 2868 semisse
343 2808 463 2868 dextans
485 2809 512 2868 ei
535 2818 699 2887 cogeretur,
723 2810 852 2887 quisine
875 2806 1019 2886 probabili
1039 2823 1163 2866 causaoo
1212 2801 1213 2878 ἶ

133 2908 169 2950 eo
185 2892 299 2950 nomine
314 2900 423 2968 essent,
441 2909 497 2971 quo
514 2892 636 2952 luissent
649 2893 725 2952 ullae
742 2892 868 2952 familiae
885 2909 956 2969 quas
972 2893 1036 2970 ipse
1058 2908 1125 2950 con·
1212 2901 1213 2964 3

132 2975 272 3053 tingeret;
291 2975 409 3053 deinde,
424 2986 454 3036 ut
471 2979 647 3054 ingratorum
668 2979 696 3036 in
718 2977 877 3055 principem
900 2983 1071 3035 testamenta
1091 2972 1127 3033 ad
1212 2993 1213 3046 p

132 3059 232 3119 fiscum
247 3061 443 3138 pertinerent,
460 3079 494 3120 ac
519 3079 555 3120 ne
575 3063 690 3140 impune
711 3069 791 3120 esset
812 3057 947 3119 studiosis
967 3059 1052 3136 iuris,
1076 3058 1126 3137 qui
1212 3059 1213 3092 ³

133 3142 318 3220 scripsissent
333 3144 380 3204 rel
396 3144 553 3205 dictassent
571 3163 619 3214 ea;
641 3153 708 3203 tunc
728 3152 758 3203 ut
780 3144 848 3220 lege
871 3145 1029 3203 maiestatis
1047 3141 1126 3202 facta

132 3223 266 3304 dictaque
284 3229 393 3304 omnia,
416 3227 518 3306 quibus
533 3228 618 3287 modo
635 3227 748 3287 delator
762 3245 819 3287 non
836 3225 970 3304 deesset,
991 3235 1162 3298 tenerer-ts

131 3315 186 3365 tur.
234 3308 398 3370 Revocavlt
417 3321 447 3370 et
470 3312 596 3390 praemia
618 3329 803 3386 coronarum,
825 3328 899 3388 quae
919 3327 1049 3389 nmquam
1070 3307 1126 3368 sibi
1212 3343 1213 3346 =

133 3388 262 3449 civitates
282 3393 309 3450 in
331 3395 533 3454 certaminibus
558 3393 737 3455 detulissent.
782 3394 820 3454 Et
843 3411 905 3452 curn
926 3392 1124 3454 interdixisset
1212 3433 1213 3464 ,

131 3487 211 3531 usum
228 3475 406 3548 amethystini
427 3477 555 3551 satyrii
573 3478 699 3556 coloris,
722 3477 967 3555 summisissetque
988 3477 1036 3557 qui
1055 3493 1125 3535 nun·
1212 3475 1213 3546 ἶ
