2468 3912
463 201 567 250 mvos
590 200 780 250 accusans.
1084 198 1125 258 49

122 358 342 420 commodanon
357 357 472 416 minimo
488 358 626 417 sectantis
641 357 805 419 discrimine
821 357 930 418 similes
946 359 1041 422 aiebat
1057 380 1124 423 esse

122 460 211 505 aureo
226 443 309 503 harno
326 441 519 520 piscantibus,
537 443 616 501 cuius
629 441 743 522 abrupti
761 443 891 504 damnum
911 442 989 504 nulla
1006 455 1125 525 captura

122 530 238 609 pensari
254 535 365 608 posset.

183 612 369 690 Magistratus
390 618 477 689 atque
497 610 626 672 bonores
653 621 682 672 et
710 620 775 673 ante
800 621 914 690 tempus
937 623 965 673 et
985 615 1124 694 quosdam
1133 627 1168 682 26

98 699 189 758 anovi
215 698 334 776 generis
364 704 582 775 perpetuosque
620 698 707 774 cepit.
762 695 947 757 Consulatum
982 701 1123 762 vicesimo

121 784 224 843 aetatis
241 797 314 841 anno
331 782 450 858 invasit,
466 779 589 840 admotis
604 779 750 840 hostiliter
764 780 801 841 ad
824 780 924 841 urbem
947 782 1124 863 legionibus,

120 868 274 945 missisque
295 866 342 944 qui
363 864 418 925 sibi
440 865 556 925 nomine
580 867 726 925 exercitus
748 864 959 944 deposcerent;
986 887 1049 928 curn
1065 871 1124 948 qui·

122 952 186 1012 dem
202 959 354 1010 cunctante
369 957 470 1010 senatu
501 948 655 1010 Cornelius
673 951 819 1027 centurio,
842 951 980 1031 princeps
1001 952 1124 1031 legatio·

121 1038 182 1113 nis,
198 1037 309 1095 reiecto
325 1034 428 1112 sagulo
448 1032 604 1094 ostendens
622 1033 710 1112 gladii
726 1034 874 1113 capulum,
892 1051 949 1094 non
967 1035 1126 1098 dubitasset

87 1137 112 1180 so
121 1122 149 1180 in
164 1121 243 1181 curia
260 1119 373 1179 dicere:
389 1117 449 1180 llic
461 1117 575 1197 faciet,
594 1119 624 1179 si
638 1136 696 1179 oon
708 1137 770 1180 aon
783 1115 932 1196 feceritis.
962 1120 1124 1180 Secundum

121 1204 300 1265 consulatum
316 1212 384 1283 post
397 1221 502 1263 novem
517 1221 619 1280 annos,
636 1204 750 1264 tertium
762 1220 837 1262 anuo
855 1204 1009 1264 interiecto
1022 1207 1124 1283 gessit,

121 1292 269 1369 sequentis
289 1305 380 1367 usquc
402 1287 437 1348 ad
460 1286 639 1348 undecimum
662 1288 853 1364 continuavit,
875 1286 1029 1367 multisque
1046 1307 1124 1366 mox,

123 1393 185 1434 curn
206 1372 405 1449 deferrentur,
427 1373 568 1432 recusatis
597 1371 795 1433 duodecimum
821 1387 946 1449 magno,
968 1372 997 1432 id
1019 1381 1064 1433 est
1078 1391 1123 1432 se·

122 1457 295 1538 pterndecim
317 1473 470 1532 annorum,
493 1456 647 1517 intervallo
670 1465 698 1516 et
723 1474 822 1516 rursus
845 1457 959 1516 tertium
983 1456 1124 1517 decimum

86 1557 111 1598 ne
122 1543 238 1603 biennio
246 1548 314 1622 post
325 1540 400 1600 ultro
413 1541 506 1621 petiit,
522 1549 552 1600 ut
560 1538 593 1601 G.
602 1549 631 1600 et
639 1541 755 1601 Lucium
763 1540 839 1600 lilios
852 1540 1027 1620 amplissimo
1040 1559 1123 1622 prae-

121 1627 195 1687 ditus
213 1625 446 1702 magistratusue
463 1643 605 1704 quemque
628 1627 763 1686 tirocinio
788 1625 946 1686 deduceret
968 1628 997 1686 in
1019 1626 1122 1687 iorum.

122 1711 255 1790 Quinque
267 1708 379 1771 medios
396 1709 561 1771 consolatos
576 1730 592 1771 a
606 1720 691 1772 sexto
707 1710 743 1772 ad
765 1710 906 1772 decimum
923 1729 1033 1772 annuos
1056 1729 1123 1790 ges-

121 1797 172 1873 sit,
191 1803 308 1854 ceteros
322 1803 369 1854 ant
383 1812 487 1855 novem
503 1804 550 1856 aut
565 1815 618 1856 sex
633 1805 680 1856 aot
696 1804 830 1876 quattuor
845 1804 892 1857 aut
913 1796 1005 1856 tribus
1019 1797 1123 1856 mensi·

121 1880 190 1957 bus,
212 1877 366 1939 secundum
387 1896 459 1939 vero
480 1882 660 1958 paucissimis
686 1881 776 1940 horis.
819 1879 892 1941 Nam
914 1879 960 1941 die
975 1880 1040 1942 lial.
1063 1879 1123 1940 lan.

84 1981 186 2024 aecum
211 1980 294 2022 mane
320 1980 373 2042 pro
400 1962 472 2024 aede
493 1962 647 2042 Capitolini
671 1963 750 2025 lovis
771 1964 915 2044 paululum
939 1963 1029 2025 curuli
1052 1963 1125 2024 sella

121 2047 335 2128 praesedisset,
357 2047 469 2107 honore
487 2047 556 2108 abiit
571 2049 693 2108 sullecto
715 2048 771 2107 alio
786 2047 925 2108 inlocum
942 2066 1032 2108 suum.
1060 2047 1124 2108 Nec

121 2150 222 2194 omnes
235 2132 363 2210 Romae,
381 2130 432 2192 sed
449 2140 578 2211 quartum
594 2131 772 2192 consulatum
789 2133 818 2190 in
834 2130 922 2210 Asia,
948 2133 1074 2210 quintum
1095 2134 1124 2191 in

120 2217 213 2280 insula
231 2217 334 2294 Samo,
352 2225 485 2277 octavum
504 2223 532 2274 et
550 2232 654 2275 nonum
670 2214 835 2275 Tarracone
851 2217 911 2274 init.

184 2301 403 2362 Triumuiratum
423 2301 467 2360 rei
490 2318 519 2380 p.
536 2298 753 2360 constituendae
772 2299 941 2379 perdecem
964 2317 1055 2360 annos
1076 2301 1165 2364 ad-at

85 2385 304 2456 aministravit3
335 2386 365 2445 in
393 2400 449 2463 quo
477 2385 582 2444 restitit
608 2382 721 2462 quidem
744 2383 906 2463 aliquandiu
929 2384 1054 2464 collegis
1086 2403 1123 2445 ne

121 2489 177 2549 qua
192 2471 277 2529 lieret
301 2470 494 2550 proscriptio,
516 2467 567 2527 sed
592 2469 736 2547 inceptam
750 2478 873 2547 utroque
890 2468 1025 2531 acerbius
1040 2489 1124 2532 exer·

122 2555 188 2615 cuit.
224 2552 355 2632 Namque
372 2553 429 2613 illis
446 2554 474 2612 in
488 2552 640 2613 multorum
658 2570 749 2632 saepe
762 2571 917 2632 personam
932 2574 986 2635 per
1002 2557 1124 2634 gratiam

121 2648 150 2698 et
170 2655 277 2718 preces
299 2636 514 2714 exorabilibus,
547 2637 628 2698 solus
648 2654 828 2718 magnopere
852 2639 998 2700 contendit
1019 2658 1055 2699 ne
1078 2639 1124 2698 cui

122 2730 311 2802 parceretur,
328 2721 560 2804 proscripsitque
576 2723 660 2782 etiarn
675 2720 706 2782 0.
724 2721 879 2783 Toranium
893 2733 1017 2785 tutorem
1031 2739 1123 2798 suurn,

83 2806 243 2867 monadem
263 2807 409 2886 collegam
423 2807 514 2886 patris
537 2808 579 2865 sui
595 2806 696 2866 Octavi
719 2807 747 2864 in
764 2806 919 2867 aedilitate.
958 2805 1056 2867 lunius
1071 2806 1122 2864 Sa-

120 2892 250 2952 turninus
270 2891 327 2952 boc
350 2890 471 2970 amplius
496 2889 597 2968 tradit,
620 2908 682 2950 curn
704 2900 822 2968 peracta
845 2891 1060 2971 proscriptione
1082 2889 1120 2949 bl.

118 2973 245 3056 Lepidus
267 2976 295 3035 in
318 2983 419 3036 senatu
441 2982 612 3036 excusasset
630 2975 786 3054 praeterita
809 2983 837 3035 et
854 2993 936 3055 spem
952 2973 1121 3034 clementiae

119 3061 148 3120 in
170 3069 320 3140 posterum
342 3060 479 3137 lecisset,
506 3060 638 3138 quoniam
659 3060 728 3118 satis
748 3076 905 3136 poenarum
929 3067 1060 3118 exactum
1077 3075 1121 3117 es-

120 3152 181 3223 set,
197 3144 273 3206 hunc
289 3164 305 3206 e
320 3145 436 3205 diverso
453 3145 634 3223 professum,
659 3143 704 3203 ito
718 3142 840 3203 modom
855 3161 890 3204 ee
903 3140 1124 3222 proscribendi

84 3229 283 3307 sectatua'cce,
304 3237 338 3291 at
359 3228 462 3291 omnia
483 3226 546 3290 etti
558 3227 717 3307 reliquerit
731 3226 840 3288 libero.
879 3226 912 3286 ln
929 3228 1007 3287 cuius
1026 3235 1122 3287 tamen

120 3314 299 3392 pertinaciae
323 3315 525 3395 paenitentiam
546 3322 650 3394 postea
670 3311 703 3371 T.
725 3312 839 3371 Vinium
854 3310 1120 3389 Philopoemenem,

121 3397 200 3476 quod
223 3409 373 3479 patronum
399 3417 480 3460 sunm
506 3398 703 3477 proscriptum
733 3395 846 3457 celasse
874 3396 941 3457 olim
967 3395 1120 3471 diceretur,

120 3484 251 3562 equestri
275 3484 414 3562 dignitate
434 3483 596 3543 honoravit.
635 3480 669 3541 lu
693 3479 793 3541 eadem
816 3481 871 3543 hac
890 3490 1036 3561 potestate
1052 3479 1121 3539 mul·

164 3587 316 3630 scuuoruus.
895 3569 913 3627 4
