2468 3912
140 219 182 284 88
226 233 256 281 c.
269 231 419 281 sunnoru
430 231 558 292 uerno.
571 233 619 279 nn
630 231 713 278 vrun
726 230 908 279 canssnuu
919 232 989 278 urs.
1002 231 1083 298 111.⁴

141 388 289 450 consulem
309 388 412 448 iterum
440 403 648 464 censoremque
676 387 825 446 fecissent.
867 385 992 463 Drusus,
1016 385 1141 448 hostium

141 473 214 532 duce
224 472 337 532 Drauso
355 472 511 531 comminus
525 471 677 548 trucidato,
693 469 747 529 sibi
762 471 946 549 posterisque
958 471 1016 529 suis
1030 487 1140 547 cogno-

139 574 205 614 men
221 557 339 615 invenit.
383 553 517 614 Traditur
530 555 614 614 etiam
631 573 684 633 pro
700 564 835 633 praetore
851 572 889 614 ex
905 555 1053 633 provincia
1072 552 1139 615 (ial-

139 639 178 699 lia
192 639 328 700 retulisse
342 656 451 715 aurum,
469 638 632 701 Senonibus
647 639 714 699 olim
729 641 758 697 in
773 637 924 698 obsidione
941 636 1075 717 Capitolii
1091 638 1140 699 da·

139 732 214 799 tum,
235 741 305 801 nec,
326 733 356 784 ut
369 723 442 783 lama
458 732 518 796 est,
542 732 685 784 extortum
700 742 716 784 a
734 721 866 783 Consilio.
909 720 979 782 Eius
996 721 1163 802 abnepos,s

139 806 177 867 ob
195 809 326 867 eximiam
341 807 481 867 adversus
496 806 646 868 Gracchos
668 825 787 886 operam
805 816 942 886 patronus
965 814 1083 867 senatus
1099 805 1140 866 di·

140 900 219 968 ctns,
241 892 328 951 lilium
348 891 481 970 reliquit,
504 909 588 970 quem
608 894 637 951 in
658 891 742 951 simili
758 891 938 950 dissensione
954 889 1043 951 multa
1058 892 1140 950 varie

139 975 305 1035 molientem
321 976 435 1036 diversa
449 975 538 1035 factio
554 994 607 1055 per
622 975 751 1036 fraudem
768 977 921 1035 interemit.

106 1071 127 1128 4
201 1059 287 1119 Pater
314 1060 429 1136 Tiberi,
461 1069 597 1139 quaestor
620 1058 652 1120 (i.
676 1059 810 1120 Caesaris
836 1057 1032 1120 Alexandrino
1058 1058 1138 1120 bello
1212 1059 1213 1070 ¹

141 1145 228 1204 classi
243 1147 441 1224 praepositus,
460 1144 608 1222 plurimum
625 1143 661 1204 ad
674 1146 823 1204 victoriam
839 1142 966 1203 contulit.
997 1143 1093 1218 Quare
1109 1153 1139 1203 et
1149 1164 1172 1206 re

140 1228 273 1307 pontifex
293 1231 321 1288 in
342 1229 437 1288 locum
457 1227 488 1287 P.
506 1229 650 1306 Scipionis
670 1227 837 1288 substitutus
858 1236 887 1287 at
904 1227 939 1287 ad
955 1226 1139 1288 deducendas
1213 1219 1214 1236 ¹

140 1314 169 1372 in
184 1311 303 1374 Galliam
320 1311 463 1390 colonias,
485 1314 514 1371 in
535 1314 598 1392 quis
612 1312 710 1372 Narbo
730 1321 759 1372 et
774 1311 893 1371 Arelate
915 1321 1012 1390 erant,
1035 1312 1139 1371 missus

139 1405 194 1457 est.
222 1395 330 1457 Tamen
344 1395 470 1457 Caesare
487 1399 605 1475 occiso,
623 1399 734 1457 cunctis
753 1395 896 1456 turbarum
911 1405 988 1456 metu
1006 1395 1138 1456 abolitio·
1214 1407 1215 1410 ’

80 1501 82 1504 ·
138 1498 205 1540 nem
224 1480 294 1540 lecti
314 1480 554 1559 decernentibus,
581 1484 666 1542 etiam
686 1481 721 1540 de
743 1480 878 1560 praemiis
899 1479 1139 1555 tyrannicidarum

138 1564 323 1624 referendum
338 1567 458 1625 censuit.
489 1563 628 1625 Praetura
642 1564 745 1625 deinde
760 1565 884 1642 iunctus,
900 1583 963 1623 cum
980 1566 1059 1625 exitu
1073 1566 1138 1624 anni
1148 1584 1171 1625 rs

139 1648 283 1707 discordia
304 1650 379 1709 inter
400 1649 563 1708 triumviros
583 1659 647 1710 orta
672 1657 765 1718 esset;
794 1651 915 1709 retentis
941 1648 1015 1709 ultra
1035 1651 1139 1709 iustum

139 1741 252 1810 tempus
269 1732 428 1810 insignibus
450 1731 481 1792 L.
498 1731 652 1794 Antonium
667 1732 830 1808 consulem,
849 1735 987 1792 triumviri
1007 1732 1137 1809 fratrem,

139 1815 176 1877 ad
190 1815 336 1877 Perusiam
350 1826 477 1894 secutus,
496 1817 640 1878 deditione
655 1836 671 1878 a
686 1819 792 1876 ceteris
806 1817 894 1894 iacta,
912 1816 990 1878 solus
1006 1835 1137 1896 perman·

31 1917 33 1922 ’
138 1901 216 1961 sitin
232 1901 362 1980 partibus
378 1920 412 1962 ac
424 1903 516 1979 primo
530 1900 697 1979 Praeneste,
710 1901 776 1961 inde
790 1901 942 1980 Neapolim
958 1903 1060 1979 evasit,
1076 1919 1137 1960 ser·
1217 1936 1218 1948 .

137 1987 240 2066 visque
258 1984 294 2046 ad
309 1985 427 2065 pilleum
442 1985 548 2045 frustra
566 1987 677 2046 vocatis
696 1986 725 2045 in
746 1984 873 2045 Siciliam
896 1986 1034 2064 proiugit.
1078 1984 1172 2044 Sedao

137 2068 254 2147 indigne
275 2071 391 2148 ferens,
416 2087 471 2130 nec
486 2070 580 2129 statim
600 2088 633 2129 se
657 2072 685 2128 in
709 2079 897 2148 conspectum
918 2071 1000 2130 Sexti
1019 2069 1137 2148 Pompei

138 2153 290 2214 admissum
304 2163 334 2214 et
347 2155 468 2215 fascium
482 2173 533 2213 usu
548 2153 736 2232 prohibitum,
752 2154 788 2214 ad
801 2154 839 2214 bl.
855 2153 1010 2214 Antonium
1024 2154 1140 2214 traiecit

137 2240 166 2296 in
179 2237 328 2299 Achaiam.
374 2237 444 2298 Cum
459 2255 531 2317 quo,
549 2237 631 2298 brevi
648 2238 837 2298 reconciliata
857 2240 931 2298 inter
946 2240 1036 2299 omnis
1051 2255 1137 2317 pace,

136 2321 256 2382 Romam
269 2321 352 2399 redit,
366 2339 543 2401 uxoremque
558 2322 665 2382 Liviam
678 2322 842 2398 Drusillam,
859 2332 889 2382 et
904 2331 970 2382 tunc
987 2321 1136 2399 gravidam

138 2413 169 2463 et
183 2413 249 2463 ante
264 2407 319 2465 iam
334 2405 409 2484 apud
424 2423 457 2465 se
469 2406 555 2466 lilium
570 2409 692 2483 enixam,
709 2408 817 2485 petenti
830 2405 962 2483 Augusto
979 2406 1134 2466 concessit.
1145 2423 1171 2465 aa

136 2486 200 2548 Nec
217 2488 305 2548 multo
321 2497 388 2568 post
402 2489 476 2548 diem
494 2489 580 2568 obiit,
597 2499 717 2570 utroque
733 2490 888 2551 liberorum
905 2492 1072 2569 superstite,
1089 2489 1136 2550 'l'i-

138 2572 220 2633 berio
235 2571 389 2652 Drusoque
404 2573 577 2634 Neronibus.

103 2663 124 2720 b
200 2655 345 2717 Tiberium
360 2655 472 2736 quidam
487 2657 593 2719 Fundis
608 2667 703 2718 natum
719 2659 968 2735 existimaverunt,
988 2659 1081 2719 secuti
1094 2655 1135 2718 le-

137 2760 202 2802 sem
217 2743 428 2818 coniecturam,
447 2741 523 2820 quod
537 2751 665 2803 materna
680 2745 741 2803 eius
757 2745 821 2804 avia
839 2742 975 2803 Fundana
989 2742 1091 2819 luerit,
1106 2751 1137 2801 et

136 2825 214 2906 quod
227 2843 296 2886 mox
316 2825 496 2887 simulacrum
509 2826 668 2887 Felicitatis
688 2845 725 2886 err
740 2828 770 2887 S.
787 2825 819 2886 G.
839 2825 1014 2907 publicatum
1033 2825 1072 2884 ibi
1087 2827 1132 2884 sit.
1144 2843 1171 2884 ao

136 2910 195 2971 Sed
208 2920 238 2971 nt
252 2911 351 2991 pluras
368 2912 566 2990 certioresque
582 2911 708 2987 tradunt,
724 2919 806 2970 natus
826 2919 871 2971 est
883 2911 993 2972 Romae
1010 2911 1037 2969 in
1052 2908 1133 2969 Pala·

135 2997 175 3056 tio
199 2995 279 3056 XVl.
303 2994 368 3056 llal.
385 2994 457 3056 Dec.
480 2995 518 3055 11.
540 2994 663 3056 Aemilio
681 2994 791 3073 Lepido
814 2996 931 3072 iterum,
956 2995 987 3054 1.
1007 2994 1133 3054 llunatio

135 3079 243 3141 Planco
262 3097 359 3141 conss.
380 3097 434 3159 per
454 3079 561 3139 bellum
581 3079 777 3158 Philippense.
825 3080 874 3139 Sic
896 3079 1020 3139 enimin
1042 3078 1134 3138 laetos

135 3170 257 3242 actaque
273 3165 301 3224 in
316 3163 432 3244 publica
446 3163 565 3224 relatum
580 3172 633 3223 est.
651 3163 715 3224 Nec
732 3170 825 3224 tamen
839 3162 952 3241 desunt,
966 3165 1013 3243 qni
1030 3162 1134 3241 partim

135 3246 326 3307 antecedente
348 3265 439 3326 anno,
453 3247 527 3308 Hirti
553 3266 589 3308 ac
602 3247 730 3325 Pansae,
751 3249 854 3327 partim
876 3248 1047 3327 insequenti,
1067 3247 1134 3305 Ser·
1143 3264 1170 3304 as

136 3328 186 3389 vili
198 3329 317 3390 Isaurici
334 3331 364 3392 L.
381 3350 436 3411 que
452 3332 569 3392 Antonii
587 3331 752 3408 consulatu,
774 3333 901 3408 genitum
919 3350 984 3406 eum
996 3329 1133 3391 scribant.

106 3425 125 3483 e
197 3411 346 3473 lnlantiarn
368 3418 573 3495 pueritiamque
598 3414 696 3475 habuit
720 3414 893 3478 laboriosam
915 3424 945 3475 et
967 3415 1134 3490 exercitans,

137 3516 236 3560 comes
250 3514 341 3576 usqne
352 3517 463 3577 quaque
479 3507 627 3578 parentum
641 3499 743 3576 lugam
760 3517 832 3578 quos
844 3499 957 3579 quidem
971 3497 1047 3578 apud
1057 3495 1132 3560 Nea·
1206 3524 1218 3546 ’·

101 3635 104 3643 ¹
201 3637 280 3649 'Q

124 3653 283 3688 ¹...)
