2468 3912
487 259 590 309 nrvus
612 259 734 310 ramus.
1091 243 1110 308 7

116 413 239 476 cimbris
254 422 341 492 atque
354 413 506 493 Teutonis,
523 414 591 474 olim
605 414 711 476 aSulla
722 415 854 492 disiecta,
870 414 1008 491 restituit,
1025 420 1111 492 atque
1161 425 1210 480 Μ

114 507 143 567 iu
164 502 329 566 exercenda
347 500 382 561 de
404 502 505 561 sicaris
528 500 697 578 quaestione
726 518 779 561 eos
806 516 922 578 quoque
946 499 1115 560 sicariorum
1161 517 1204 586 op

4 597 34 670 Υ
114 605 233 650 numero
249 586 365 663 babuit,
387 585 436 665 qui
454 584 669 663 proscriptione
687 583 726 644 ob
746 583 839 644 relata
855 584 959 644 ciuium
969 585 1113 644 Romarm-
1166 597 1224 658 ep

114 693 176 735 rum
190 673 287 752 'capita
310 671 449 750 pecunias
470 686 508 728 ex
524 669 638 729 aerario
662 677 852 748 acceperant,
874 686 1045 748 quamquam
1063 685 1113 728 ex·
1168 676 1211 730 st

90 767 220 838 coeptos
235 755 369 817 Cornelis
389 753 516 833 legibus.
548 751 722 814 subornavit
741 754 825 814 etiam
840 753 889 832 qui
905 750 976 813 Gaio
991 751 1110 814 Rabirio
1125 768 1157 820 lu
1175 750 1218 809 tc

117 839 420 924 perduellionis'diem
440 837 567 915 diceret,
590 854 648 918 quo
669 839 828 917 praecipuo
853 837 984 898 adiutore
1002 837 1115 917 aliquot
1168 837 1210 898 Η

115 935 181 988 aute
194 942 286 987 annos
297 924 366 985 Luci
381 924 523 984 Saturnini
535 920 703 982 seditiosum
714 922 887 982 tribunatum
900 929 1017 982 serratus
1030 939 1113 982 coer·
1163 917 1212 994 ti

2 1023 45 1094 p
117 1019 232 1088 ouerat,
248 1028 283 1070 ac
297 1017 378 1069 sorte
394 1008 481 1068 iudex
494 1007 523 1066 in
535 1025 615 1067 reum
629 1007 732 1067 ductus
745 1015 802 1066 tam
819 1007 923 1085 cupide
942 1007 1113 1068 condemua-
1165 1004 1213 1079 97

115 1096 170 1173 vit,
186 1104 216 1155 ut
230 1094 266 1155 ad
282 1091 419 1173 populum
433 1093 606 1171 provocanti
625 1090 696 1151 nihil
717 1108 812 1170 aeque
828 1109 863 1150 ac
885 1090 987 1150 iudicis
1002 1089 1113 1151 acerbi·
1163 1097 1204 1160 tq

80 1193 106 1235 ro
116 1188 162 1240 tas
178 1177 327 1258 profuerit.
349 1176 492 1256 Deposita
505 1175 674 1254 provinciae
689 1193 743 1254 spe
755 1175 951 1253 pontificatum
962 1176 1114 1235 maximum
1124 1173 1207 1238 ΒΜ

115 1265 205 1346 petit,
222 1279 280 1322 nou
293 1264 355 1322 sine
371 1260 571 1340 profusissima
586 1259 756 1338 largitione;
780 1260 809 1319 iu
827 1276 883 1339 qua
904 1267 1042 1338 reputans
1056 1276 1113 1319 ma·
1163 1261 1206 1346 ²¹?

114 1347 291 1427 guitudluem
315 1348 391 1407 aeris
408 1344 509 1422 alieni,
532 1363 595 1404 cum
614 1362 697 1404 mane
719 1342 756 1404 ad
774 1345 888 1404 comitia
910 1342 1114 1420 descenderet,
1162 1339 1221 1405 et

1 1434 43 1501 l
115 1431 297 1513 praedixisse
313 1430 395 1490 matri
410 1429 552 1489 osculanti
563 1429 668 1505 fertur,
685 1428 806 1490 domum
819 1445 855 1489 ae
866 1427 930 1488 nisi
941 1427 1116 1506 pontificem
1164 1430 1220 1484 t‘2

113 1518 176 1576 nob
191 1532 395 1576 reversurum.
422 1511 519 1593 Atque
537 1513 574 1573 ita
586 1514 802 1591 potentissimos
819 1512 891 1573 duos
907 1513 1115 1591 competitores
1164 1507 1220 1566 &a

78 1600 290 1677 tinnitumque
308 1607 336 1658 et
353 1605 448 1658 aetate
470 1606 499 1658 et
520 1596 658 1674 dignitate
673 1597 880 1659 antecedentes
899 1598 1064 1678 superavit,
1086 1605 1116 1657 ut
1161 1595 1206 1647 et

115 1684 199 1766 plura
215 1683 280 1761 ipse
301 1683 330 1741 iu
350 1699 449 1742 eorum
464 1680 595 1742 tribubus
611 1681 747 1762 suffragia
768 1701 853 1763 quam
868 1691 990 1762 uterque
1007 1684 1036 1742 in
1055 1697 1114 1742 om·
1161 1669 1207 1736 ‘id

113 1766 199 1827 nibus
213 1765 318 1826 tulerit.
1123 1759 1207 1843 ῆζὲ

171 1850 299 1912 'Praetor
321 1858 450 1927 creatus,
478 1849 592 1918 detecta
615 1851 812 1912 coniuratione
835 1850 976 1912 Catilinae
997 1859 1110 1912 senatu·
1123 1838 1214 1919 14²⁴*

115 1953 172 2016 que
193 1935 329 1994 universo
349 1935 379 1992 iu
399 1935 498 1994 socios
519 1934 656 1994 lacluoris
676 1934 800 1995 ultimam
817 1943 961 1996 statuente
978 1953 1113 2015 poenam,

78 2020 199 2080 aosolus
213 2017 408 2096 municipatim
427 2016 596 2078 dividendos
609 2018 874 2098 custodiendosque
890 2018 1045 2097 publicatis
1062 2017 1114 2078 bo·

114 2104 159 2164 uis
177 2093 298 2163 censuit'.
329 2101 404 2178 Quin
420 2111 449 2162 et
464 2108 570 2162 tantum
586 2109 691 2162 metum
706 2103 804 2162 iniecit
827 2103 978 2181 asperiora
993 2102 1114 2162 suaden-

1 2261 2 2268 ἵ
114 2188 208 2265 tibus,
234 2185 389 2247 identidem
408 2194 557 2246 ostentans
579 2194 682 2264 quanta
698 2204 751 2247 eos
772 2187 801 2245 in
818 2195 966 2266 posterum
987 2204 1004 2246 a
1026 2185 1114 2265 plebe

21 2299 24 2302 ·
113 2273 245 2334 Romana
269 2278 399 2332 maneret
414 2269 533 2348 invidia,
551 2280 581 2331 ut
594 2270 742 2330 Decimum
757 2269 885 2330 Silanum
904 2270 1052 2332 consulem
1066 2269 1114 2330 de·

116 2358 260 2434 signatum
285 2373 343 2416 uon
366 2356 493 2435 piguerit
513 2355 682 2416 senteutiam
703 2372 800 2432 suam,
824 2355 890 2434 quia
905 2363 1014 2416 mutare
1029 2363 1115 2435 turpe

79 2449 194 2518 aeret,
215 2441 455 2520 interpretatione
474 2440 583 2518 lenire,
605 2439 685 2500 velut
709 2440 828 2518 gravius
849 2446 937 2519 atque
958 2441 1022 2520 ipse
1049 2457 1114 2501 seu·

116 2526 203 2584 sisset
218 2534 380 2604 exceptam.
401 2522 577 2585 Obtinuisset
588 2523 680 2602 adeo,
695 2523 868 2585 transductIs
880 2525 935 2584 iam
951 2526 987 2586 ad
1004 2543 1036 2585 se
1052 2524 1114 2605 plu·

114 2607 196 2668 ribus
213 2616 242 2668 et
263 2609 292 2667 iu
308 2607 353 2668 lrls
370 2606 512 2669 Cicerone
529 2608 657 2669 consulis
672 2608 778 2687 fratre,
800 2609 855 2670 uisi
875 2608 1020 2670 labantem
1038 2609 1114 2669 ordi·

115 2710 182 2752 nem
200 2693 399 2753 confirmasset
412 2693 451 2754 ll.
467 2691 586 2753 Catonis
607 2693 709 2753 oratio.
739 2693 786 2753 lle
804 2712 841 2754 ue
863 2695 907 2754 sic
930 2695 1044 2773 quidem
1065 2694 1114 2751 im·

116 2775 217 2855 pedire
234 2795 296 2837 rem
312 2777 435 2855 destitit,
452 2777 548 2856 quoad
561 2795 661 2838 manus
673 2779 798 2856 equitum
811 2778 1022 2853 Romanomm,
1040 2793 1114 2855 quae

80 2869 226 2921 ”murata
242 2859 381 2939 praesidii
405 2878 491 2922 causa
513 2861 728 2940 circumstabat,
750 2862 955 2923 inmoderatius
976 2878 1114 2940 perseve-

115 2945 188 3006 ranti
203 2962 305 3005 ueoem
324 2947 493 3007 commiuata
509 2953 567 3023 est,
589 2947 673 3006 etiam
694 2947 811 3007 strictos
832 2945 947 3024 gladios
966 2962 1058 3024 usque
1078 2960 1114 3004 eo

114 3029 269 3108 intentans,
277 3038 309 3089 ut
321 3029 470 3090 sedentem
479 3047 534 3089 una
545 3031 668 3109 proximi
679 3028 868 3107 deseruerint,
878 3031 929 3089 vix
941 3029 1026 3108 pauci
1039 3045 1115 3089 eom-

114 3112 204 3193 plexu
217 3121 346 3193 togaque
365 3112 479 3174 obiecta
492 3115 680 3194 protexerint.
706 3113 787 3175 Tunc
798 3114 885 3193 plane
895 3112 1048 3174 deterritus
1058 3129 1116 3172 nou

114 3195 200 3258 modo
218 3198 324 3275 cessit,
348 3195 400 3258 sed
417 3198 488 3258 etin
504 3198 646 3278 reliquum
666 3199 731 3257 anui
747 3207 861 3278 tempus
879 3197 957 3259 curia
971 3197 1114 3258 abstinuit.

80 3287 106 3332 *ὅ
178 3281 273 3342 Primo
290 3290 443 3360 praeturae
465 3280 511 3342 die
526 3282 660 3359 Quintum
672 3279 802 3342 (latulum
824 3281 860 3342 de
881 3281 1041 3344 relectione
1058 3279 1158 3342 (la-15

116 3362 197 3446 pitoli
213 3364 247 3426 ad
259 3365 488 3444 disquisitionem
499 3367 600 3446 populi
609 3367 742 3444 vocavit,
758 3367 911 3445 rogatione
920 3367 1113 3448 promulgata,

1 3518 2 3521 Ἴ
116 3465 172 3530 qus
188 3451 365 3511 curationem
377 3469 439 3510 eam
454 3450 483 3509 iu
499 3450 584 3512 aliurn
595 3450 801 3523 transferebam
821 3470 921 3513 verum
935 3453 1027 3533 impar
1041 3450 1115 3530 opti·

115 3534 230 3594 matium
246 3535 472 3614 conspirationi,
489 3553 563 3615 quos
580 3537 683 3599 relicto
699 3537 795 3599 statim
809 3555 949 3601 novorum
965 3534 1114 3598 consulum
