2466 3896
491 248 521 297 c.
543 249 724 299 omnemne.
1051 245 1108 305 137

13 389 14 428 ³
111 417 174 458 rum
193 408 223 459 ut
240 400 319 462 irrita
338 409 367 461 et
381 420 469 480 vana,
497 419 691 483 quoscumque
708 405 770 484 quis
785 405 895 466 diceret
911 405 1020 468 herede
1037 406 1107 470 an-

12 553 16 576 ,
113 501 179 543 sare
193 486 264 543 mori
280 483 449 546 destinasse.
488 487 551 562 Quo
566 493 642 547 metu
656 488 762 549 iniecto
779 508 843 551 cum
857 491 911 550 iarn
926 499 956 550 et
975 491 1011 552 ab
1026 494 1107 570 igno·

15 580 18 588 ‘¹
113 569 149 627 tis
165 569 240 627 inter
254 568 411 629 familiares
427 578 456 629 et
477 588 494 630 a
510 571 675 650 parentibus
690 573 764 632 inter
779 573 887 634 liberos
909 575 1002 654 palam
1020 575 1108 638 heres

112 661 339 730 nuncuparetur,
365 652 513 714 derisores
527 653 667 732 vocabat,
695 656 771 734 quod
787 667 852 737 post
867 661 1107 740 nuncupationem

88 737 211 795 suivere
237 746 477 815 perseverarent,
510 747 539 798 et
566 739 660 799 multis
687 750 844 801 venenatas
872 751 992 804 matteas
1020 748 1105 806 misit.

112 817 320 896 Cognoscebat
345 830 438 882 autern
464 821 500 882 de
525 820 629 882 talibus
655 824 762 901 causis,
790 833 887 885 taxato
916 829 995 905 prins
1020 829 1105 890 modo

11 909 15 985 'p
111 921 235 965 summae
252 904 287 966 ad
303 922 387 984 quem
402 907 608 968 conficiendum
629 906 808 985 consideret,
839 909 972 970 coniecto
995 910 1106 974 demum

111 988 298 1049 excitabatur.
342 988 387 1050 Ac
404 1008 440 1050 ne
460 990 604 1070 paululum
619 989 732 1070 quidem
747 1008 845 1051 morae
861 993 990 1070 patiens,
1018 1014 1106 1075 super

110 1070 298 1150 quadraginta
318 1091 387 1134 reos
410 1073 552 1153 quondam
573 1094 611 1134 ex
631 1074 752 1134 diversis
779 1074 941 1136 criminibus
965 1096 1019 1138 una
1041 1098 1103 1138 sen·

74 1158 197 1216 rotantia
219 1155 435 1235 condemnavit,
460 1158 657 1238 gloriatusque
679 1167 724 1217 est
745 1159 955 1238 expergefacta
972 1178 1105 1222 esomno

109 1237 267 1318 Caesonia,
296 1246 441 1320 quactum
454 1241 580 1320 epissct,
604 1242 675 1303 dum
690 1241 930 1302 ecmcridicret.
1113 1261 1116 1268 ¹

167 1323 312 1384 Auctione
338 1327 506 1404 proposita,
548 1326 684 1406 reliquias
719 1327 841 1386 omnium
870 1327 1103 1404 spectaculorum

107 1407 230 1468 subiecit
246 1427 280 1468 ac
299 1407 472 1484 venditavit,
498 1411 653 1488 exquirens
674 1427 728 1488 per
745 1427 779 1470 se
795 1411 889 1489 pretia
906 1419 936 1470 et
957 1428 1046 1490 usque
1066 1430 1102 1472 eo

108 1490 286 1570 extendens,
316 1501 346 1552 ut
366 1491 477 1572 qnidam
497 1495 636 1554 immenso
663 1495 758 1554 coacti
785 1493 922 1574 quaedam
944 1511 1041 1555 emere
1068 1513 1103 1556 ac

69 1575 192 1634 rebonis
212 1577 290 1636 exuti
310 1593 400 1638 venas
423 1577 477 1637 sibi
504 1576 671 1638 inciderent.
715 1577 790 1639 Nota
820 1596 869 1638 res
899 1586 959 1657 est,
985 1578 1101 1659 Aponio

108 1659 260 1720 Saturnino
277 1659 351 1721 inter
365 1661 502 1722 subsellia
526 1660 709 1740 dormitante,
739 1664 875 1722 monitum
891 1680 907 1722 a
924 1661 995 1724 Gaio
1019 1681 1101 1742 prae·

9 1803 20 1832 μ
108 1761 209 1804 cenem
232 1761 269 1804 ne
293 1749 468 1823 praetorium
492 1748 582 1805 virum
608 1745 711 1806 crebro
737 1748 839 1825 capitis
860 1754 936 1806 motu
958 1756 1102 1808 nutantem

107 1826 162 1887 sibi
178 1830 366 1905 praeteriret,
393 1848 448 1889 nec
466 1829 571 1890 licendi
590 1831 674 1890 tinem
695 1830 819 1908 iactum,
848 1829 941 1908 quoad
964 1830 1101 1891 tredecim

107 1909 284 1989 gladiatores
310 1915 444 1973 sestertio
476 1915 615 1990 nonagies
646 1914 788 1992 ignoranti
816 1912 1025 1974 addicerentur.
1069 1913 1143 1974 tneo

68 2004 97 2045 ²⁰
109 1993 201 2055 Gallia
217 2012 347 2075 qnoque,
375 2012 438 2055 cum
457 1995 647 2056 damnatarum
669 2013 800 2056 sororum
822 2004 986 2057 ornamenta
1005 2006 1034 2057 et
1055 2016 1099 2057 su·

106 2077 285 2156 pellectilem
306 2087 336 2139 et
356 2097 460 2140 servos
479 2089 565 2159 atque
586 2080 671 2139 etiam
692 2079 813 2139 libertos
835 2081 978 2139 immensis
1000 2082 1101 2158 pretiis

105 2161 296 2240 vendidisset,
327 2164 460 2224 inuitatus
488 2163 588 2240 lucro,
628 2161 763 2241 quidquid
787 2164 964 2222 instrumenti
993 2164 1101 2223 veteris

8 2229 17 2264 '
106 2245 188 2307 aulae
213 2255 275 2307 erat
295 2246 331 2307 ab
357 2246 429 2307 urbe
454 2247 587 2325 repetiit,
621 2247 801 2324 comprensis
827 2244 862 2306 ad
893 2245 1100 2324 deportandum

104 2331 258 2392 meritoriis
274 2348 390 2410 quoque
410 2329 550 2392 vehiculis
567 2338 595 2390 et
616 2329 834 2409 pistrinensibus
855 2331 1000 2407 iumentis,
1027 2328 1099 2390 adeo

68 2422 136 2473 rent
160 2423 189 2474 et
211 2415 293 2493 panis
318 2415 429 2476 Romae
448 2432 538 2494 saepe
559 2413 699 2475 deiiceret
719 2421 747 2474 et
765 2413 939 2490 litigatorum
955 2413 1098 2493 plerique,

106 2497 183 2576 quod
198 2516 353 2560 occurrere
369 2499 503 2560 absentes
519 2497 555 2558 ad
568 2497 757 2558 vadimonium
778 2514 835 2557 nou
850 2506 984 2577 possent,
1013 2515 1100 2558 causa

105 2581 252 2642 caderent.
297 2581 349 2643 cut
369 2585 554 2644 instrumento
576 2579 760 2642 distrahendo
781 2580 849 2641 nihil
870 2599 927 2641 non
942 2581 1049 2642 fraudis
1065 2599 1100 2640 ac

104 2665 241 2726 lenocinii
257 2665 390 2745 adhibuit,
408 2665 495 2727 modo
510 2665 646 2726 avaritiae
660 2664 791 2742 singulos
807 2667 961 2744 increpans
980 2674 1009 2724 et
1023 2664 1099 2742 qnod

105 2766 162 2809 non
178 2749 301 2829 puderet
320 2767 372 2810 eos
399 2749 610 2829 locupletiores
636 2765 803 2828 essequam
823 2767 875 2825 se,
901 2748 986 2808 modo
1002 2749 1099 2826 paeni-

68 2842 95 2884 ³⁰
105 2835 222 2894 tentiam
248 2834 382 2894 simulans
409 2832 485 2913 quod
511 2831 710 2911 principalium
732 2851 827 2892 rerum
851 2833 969 2911 privatis
988 2830 1100 2909 copiam

103 2915 225 2977 faceret.
271 2915 460 2995 Compererat
481 2914 688 2997 provincialem
710 2915 886 2995 locupletem
911 2914 1032 2974 ducenta
1055 2932 1099 2972 se·

8 3015 21 3080 p
104 3003 204 3060 stertia
234 3018 400 3060 numerasse
430 2999 630 3076 vocatoribus,
662 3007 693 3058 ut
716 3017 770 3078 per
799 2997 942 3058 fallaciam
967 2998 1099 3057 convivio

103 3084 354 3161 interponeretur,
379 3101 434 3142 nec
449 3083 552 3143 tulerat
564 3081 689 3142 moleste
701 3090 757 3142 tam
769 3098 874 3157 magno
890 3081 1032 3140 aestimari
1048 3079 1098 3140 bo-

104 3182 205 3227 norem
227 3183 335 3226 caenae
359 3183 443 3235 snae;
473 3164 540 3225 lrnic
559 3173 680 3243 postero
702 3163 748 3223 die
778 3163 890 3223 sedenti
917 3163 1100 3224 inunctione

72 3249 195 3328 remisit,
224 3251 271 3329 qni
284 3250 385 3310 nescio
404 3248 471 3327 quid
490 3248 586 3308 frivoli
602 3247 734 3306 ducentis
748 3245 861 3306 milibus
883 3244 1009 3306 traderet
1024 3245 1087 3307 dice

104 3342 224 3414 retque,
254 3341 437 3395 coenaturum
452 3330 526 3410 apud
543 3328 698 3390 Gaesarem
713 3338 817 3389 uocatu
831 3329 930 3409 ipsius.

8 3437 21 3490 r
166 3416 331 3494 Vectigalia
351 3433 427 3476 nora
448 3424 533 3494 atque
557 3412 680 3474 inaudita
708 3415 828 3492 primurn
845 3431 899 3492 per
920 3410 1142 3492 publicanos,40

105 3501 226 3579 deinde,
256 3502 320 3582 quia
338 3499 450 3561 lucrum
471 3497 665 3576 exuberabat,
687 3515 742 3580 per
758 3498 940 3558 centuriones
959 3495 1100 3555 tribunos·
