2466 3896
486 268 657 316 ornemus.
1012 256 1069 316 101

76 427 205 505 primori;
222 432 251 483 et
267 424 292 482 si
307 441 391 503 quem
405 442 521 484 reorum
536 423 612 484 elabi
627 427 721 502 gratia
736 441 833 484 rumor
849 432 944 500 esset,
961 421 1072 483 subitus

75 509 174 570 aderat
194 507 362 586 iudicesque
381 518 429 568 aut
450 527 467 568 e
489 508 579 588 plano
592 517 639 568 aut
654 527 671 568 e
688 508 863 586 quaesitoris
882 507 1015 568 tribunali
1029 508 1071 568 le·

74 611 140 670 gum
155 601 184 652 et
197 591 350 668 religionis
363 601 392 652 et
403 610 510 669 norae,
525 592 562 652 de
574 610 629 672 qua
642 601 868 670 cognoscerent,
883 591 1070 663 admonebat;

73 687 158 757 atque
175 678 275 752 etiam,
294 678 318 735 si
334 695 390 756 qua
406 679 436 736 iu
451 676 575 756 publicis
590 676 718 737 moribus
734 676 845 737 desidia
860 687 908 737 aut
917 678 991 738 mala
1003 695 1070 737 con·

52 761 221 828 nsuetudine
244 759 390 837 labarent,
412 761 585 838 corrigenda
599 763 737 840 suscepit.
765 759 909 821 Ludorum
923 780 958 822 ac
974 766 1113 822 mune-34

72 864 132 906 rum
146 847 291 924 impensas
308 847 463 926 corripuit,
481 845 663 906 mercedibus
679 846 861 904 scenicorum
875 849 978 906 recisis
996 848 1070 926 pari-

73 929 183 1009 busque
199 929 390 1006 gladiatorum
407 930 443 990 ad
459 940 569 990 certum
583 947 729 990 numerum
743 928 879 989 redactis.
907 929 1070 990 Corinthio·

17 1055 24 1074 .
72 1033 131 1074 rum
155 1031 290 1074 vasorum
310 1017 403 1093 pretia
422 1017 451 1074 in
471 1017 637 1074 immensum
657 1015 804 1074 exarsisse
826 1021 943 1092 tresque
964 1015 1070 1074 mullos

73 1101 190 1178 triginta
214 1097 329 1158 milibus
352 1117 493 1159 nummum
510 1101 627 1160 venisse
654 1099 784 1176 graviter
803 1107 995 1175 conquestus,
1022 1097 1069 1158 ad·

42 1183 224 1243 inhibendum
249 1182 426 1261 supellectili
449 1184 564 1243 modum
589 1183 702 1243 censuit
732 1197 930 1260 annonamque
954 1181 1070 1242 macelli

70 1275 188 1328 senatus
201 1266 338 1327 arbitratu
354 1275 424 1345 quot
441 1270 522 1327 aunis
537 1266 762 1346 temperandam,
779 1265 845 1326 dato
862 1264 1003 1326 aedilibus
1021 1283 1068 1324 ue·

69 1354 153 1430 gotio
180 1353 303 1429 popinas
326 1369 494 1429 ganeasque
514 1369 605 1430 usque
626 1369 664 1410 eo
684 1349 846 1426 inhibendi,
874 1358 904 1408 ut
923 1369 960 1410 ue
979 1367 1070 1429 opera

69 1434 185 1515 quidem
204 1437 325 1512 pistoria
340 1437 465 1515 proponi
481 1435 593 1495 venalia
607 1437 745 1494 sinerent.
773 1433 812 1495 Et
823 1443 854 1494 ut
869 1436 1070 1514 parsimoniam

68 1518 215 1600 publicam
237 1519 372 1597 exemplo
392 1537 507 1600 quoque
531 1521 658 1597 iuvaret,
680 1517 868 1580 sollemnibus
889 1521 954 1597 ipse
972 1518 1069 1580 caenis

40 1629 59 1669 ιε
67 1601 200 1684 pridiana
224 1620 315 1682 saepe
341 1621 376 1663 ac
399 1622 512 1664 semesa
538 1603 660 1666 obsonia
680 1607 817 1685 apposuit
840 1603 1070 1682 dimidiatumque

68 1705 187 1768 aprum,
204 1687 365 1762 ailirmaue,
382 1689 484 1749 omnio
498 1689 605 1750 eodem
618 1687 750 1765 babere,
768 1705 848 1769 quac
860 1695 964 1750 totum.

132 1770 284 1832 Cotidiana
305 1773 406 1833 oscula
426 1774 522 1834 edicto
543 1774 704 1853 prohibuit,
726 1777 795 1833 item
814 1782 974 1833 strenarum
991 1790 1068 1832 com·

67 1857 207 1917 mercium
228 1874 266 1914 ne
287 1855 361 1916 ultra
382 1856 446 1918 Kal.
464 1858 523 1918 lau.
546 1867 743 1918 exerceretur.
777 1855 939 1918 consuerat
956 1856 1067 1936 quadri·

67 1943 147 2023 planu
161 1948 302 2017 strenam,
316 1948 345 2000 et
359 1940 396 1999 de
410 1957 503 2016 manu,
519 1942 655 2010 reddere:
678 1941 730 2001 sed
746 1941 872 2001 offensus
889 1940 1069 2018 interpellari

36 2045 101 2091 sose
115 2031 179 2084 toto
194 2041 294 2083 meuse
309 2023 345 2085 ab
361 2026 395 2082 iis
411 2026 458 2102 qui
475 2033 650 2104 potestatem
666 2027 709 2085 sui
727 2025 773 2084 die
791 2025 868 2084 festo
883 2042 940 2084 nou
955 2023 1069 2084 habuis·

67 2117 149 2185 sent,
170 2107 243 2168 ultra
261 2125 320 2167 non
334 2108 407 2168 tulit.
432 2107 579 2170 Matronae
593 2118 757 2189 prostratae
771 2107 943 2186 pudicitiae,
966 2106 1111 2185 quibus35

67 2201 222 2254 accusator
245 2191 378 2272 publicus
400 2191 530 2269 deesset,
552 2202 583 2252 ut
604 2196 761 2273 propinqui
781 2209 863 2252 more
878 2193 1017 2251 maiorum
1032 2189 1069 2250 de

69 2279 211 2338 communi
243 2279 386 2338 sententia
417 2287 591 2338 coercerent
623 2288 725 2339 auctor
749 2278 811 2337 fuit.
853 2275 909 2354 llq.
937 2276 973 2336 ll.
999 2276 1069 2335 iuris

67 2362 179 2422 iurandi
204 2364 326 2439 gratiam
345 2362 432 2438 iecit,
454 2380 574 2422 uxorem
595 2364 624 2421 in
645 2372 746 2440 stupro
768 2362 870 2438 generi
892 2367 1070 2439 compertam

39 2445 242 2523 adimitteret,
261 2464 345 2526 quam
367 2465 400 2507 se
421 2463 573 2526 numquam
592 2447 808 2526 repudiaturum
827 2454 893 2506 aute
913 2445 1068 2505 iuraverat.

68 2529 204 2590 Feminae
224 2531 371 2609 famosae,
396 2541 426 2592 ut
439 2531 476 2592 ad
491 2531 639 2592 evitandas
658 2532 755 2610 legum
769 2548 880 2609 poenas
896 2532 958 2589 iure
977 2548 1012 2590 ac
1028 2529 1068 2589 di·

68 2617 177 2692 gnitate
200 2616 351 2676 matronali
372 2616 594 2693 exolverentur,
620 2616 795 2676 lenocinium
811 2615 943 2694 profiteri
961 2631 1067 2692 coepe-

58 2695 147 2776 rant,
169 2709 199 2760 et
216 2719 253 2760 ex
267 2702 414 2760 iuventute
431 2702 582 2778 utriusque
598 2700 706 2761 ordinis
720 2700 973 2779 profligatissimus
990 2698 1067 2776 quis-

70 2801 142 2862 que,
159 2801 217 2864 quo
234 2786 326 2844 urinus
340 2787 368 2844 in
385 2802 476 2864 opera
490 2802 614 2844 scaenae
627 2783 810 2863 harenaeque
826 2782 937 2843 edenda
952 2789 1068 2840 senatus

40 2868 202 2932 ³⁰cousulto
217 2877 373 2946 teneretur,
389 2869 493 2928 famosi
507 2868 604 2928 iudicii
618 2877 714 2928 uotam
729 2878 834 2947 sponte
850 2867 996 2933 subibaut3
1016 2881 1068 2924 eoa

70 2969 177 3032 easque
190 2970 300 3030 omues,
317 2971 355 3012 ne
370 2953 447 3033 quod
462 2953 604 3029 refugium
620 2954 649 3011 iu
664 2953 713 3013 tali
723 2951 822 3012 iraude
837 2953 966 3030 cuiquam
979 2957 1068 3024 esset,

71 3037 156 3096 exilio
170 3037 285 3097 adiecit.
314 3037 448 3098 Senatori
462 3037 548 3098 latum
564 3036 676 3096 clavum
691 3037 806 3113 ademit,
822 3053 884 3094 cum
899 3041 1068 3111 cognosset,

71 3119 120 3180 sub
142 3119 207 3182 llal.
229 3121 283 3182 lul.
306 3121 485 3199 demigrasse
510 3124 539 3180 iu
563 3120 682 3196 hortos,
710 3138 766 3200 quo
793 3119 876 3179 vilius
901 3126 968 3197 post
992 3117 1069 3176 diem

72 3204 156 3265 aedes
171 3207 200 3265 iu
214 3205 287 3266 urbe
302 3206 489 3266 conduceret.
512 3205 608 3264 Alium
623 3214 652 3263 et
667 3213 821 3284 quaestura
835 3204 972 3277 removit,
990 3200 1068 3281 quod

42 3309 63 3349 aa
72 3305 189 3350 uxorem
203 3289 297 3369 pridie
311 3292 493 3350 sortitionem
507 3289 620 3350 ductam
633 3287 776 3368 postridie
790 3286 983 3366 repudiasset.
1008 3285 1066 3345 Ex·
1076 3289 1110 3346 36

72 3379 165 3435 ternas
182 3375 386 3452 caerimonias,
400 3375 566 3453 Aegyptios
583 3373 774 3452 Iudaicosque
790 3373 860 3432 ritus
877 3371 1067 3449 compescuit,

74 3459 179 3518 coactis
196 3459 244 3537 qui
261 3460 469 3537 superstitione
485 3475 519 3518 ea
536 3456 707 3518 tenebantur
721 3458 878 3536 religiosas
892 3463 991 3516 restes
1005 3469 1068 3512 cum

73 3539 255 3602 instrumento
268 3545 343 3602 omni
357 3541 539 3603 comburere.
560 3541 729 3603 ludaeorum
742 3543 917 3602 iuventutem
932 3559 986 3619 per
1002 3555 1068 3614 spe·
