2466 3896
200 39 741 140 liubmaomrsss.
824 91 898 142 aas·
931 53 1164 150 amam

244 115 739 187 Q9Waaewmfflu
832 129 852 177 J
926 137 1169 215 ,μαψ-ιω,
1216 169 1217 176 .

163 209 226 274 tua
266 220 764 280 o.sunrorurunua.nuv1ru
781 219 964 268 causarum
981 221 1046 266 ura.
1063 219 1095 267 v.

162 380 230 458 quin
247 377 282 437 de
308 376 525 436 condicionibus
539 377 674 436 continuo
690 384 842 451 tractaret,
866 377 949 435 etiam
965 375 1000 434 dc
1014 375 1155 454 Paetinae,

31 473 150 534 amm*
163 479 246 542 mam
263 461 331 520 clim
354 469 510 537 exegerat,
536 460 630 537 deque
644 458 753 519 Lolliae
773 459 923 535 Paulinae,
946 477 1019 537 quae
1034 458 1068 519 G.
1087 458 1155 520 Cae·

163 547 220 606 sari
242 553 329 623 nupta
351 544 452 603 luerat.
478 545 586 604 Verum
606 543 763 603 inlecebris
783 542 980 621 Agrippinae,
997 542 1155 604 Germanioi

163 631 260 689 iratris
285 629 328 687 sui
349 621 444 704 filiae,
467 645 521 706 per
537 629 581 686 ios
603 627 695 686 osculi
715 636 743 686 et
762 626 959 686 blanditiarum
986 629 1155 687 occasiones
1215 643 1217 656 ¹

164 713 308 792 pellectus
324 713 352 771 in
369 729 510 787 amorem,
535 711 702 770 subornauit
718 713 852 789 proximo
868 719 967 770 senatu
986 712 1034 788 qui
1057 729 1177 776 oense-5

163 805 241 874 rent,
260 796 421 873 cogendum
436 814 469 854 se
485 794 521 854 ad
540 794 700 854 ducendum
720 812 783 854 eam
802 812 938 871 uxorem,
961 795 1042 873 quasi
1064 796 1106 854 rei
1127 813 1155 874 p.

163 881 284 940 maxime
296 883 460 956 interesset,
473 879 651 958 dandamque
661 880 766 937 ceteris
779 881 890 938 veniam
903 879 1000 937 talium
1008 880 1155 955 coniugio-

163 984 238 1040 rum,
253 982 325 1042 quae
340 963 375 1024 ad
389 963 417 1022 id
429 973 541 1042 tempus
555 965 665 1022 incesta
680 961 866 1022 habebantur.
883 961 929 1021 Ac
940 963 989 1021 vix
1003 979 1058 1021 uno
1070 964 1155 1022 inter-

163 1049 258 1129 posito
289 1047 334 1106 die
362 1048 490 1107 confecit
516 1048 643 1125 nuptias;
667 1063 724 1105 non
749 1048 875 1124 repertis
897 1047 945 1126 qui
967 1055 1157 1124 sequerentur

164 1131 343 1210 exemplum,
359 1140 485 1210 excepto
501 1132 634 1191 libertino
658 1130 795 1208 quodam,
818 1139 847 1189 et
866 1130 959 1189 altero
978 1129 1154 1209 primipilari,
1167 1147 1189 1188 ro

165 1219 243 1278 euius
266 1217 427 1294 nuptiarum
447 1216 572 1275 cilicium
589 1224 618 1274 ct
640 1217 703 1293 ipse
726 1232 789 1273 cum
804 1213 966 1293 Agrippina
986 1214 1155 1273 celebravit.

119 1302 284 1362 adbiberos
307 1318 344 1359 ex
365 1300 455 1359 tribus
477 1301 614 1359 uxoribus
631 1299 707 1359 tulit:
735 1316 772 1358 ex
787 1298 967 1374 Urgulanilla
989 1297 1112 1358 Drusum
1128 1307 1157 1356 et

165 1385 326 1456 Claudiam,
350 1401 387 1442 ex
408 1384 526 1443 Paetina
546 1383 715 1458 Antoniam,
738 1400 775 1442 ex
793 1381 947 1442 Messalina
963 1381 1110 1442 Octaviam
1129 1390 1157 1440 et

163 1488 247 1549 quem
276 1467 366 1546 primo
389 1467 601 1544 Germanicum,
627 1484 695 1526 mox
717 1466 907 1526 Britannicum
933 1468 1155 1543 cognominavit.
1216 1521 1217 1538 ,

162 1553 284 1612 Drusum
296 1552 430 1630 Pompeis
444 1551 620 1629 impuberem
633 1553 733 1627 amisit,
746 1553 809 1629 piro
826 1569 880 1629 per
892 1551 984 1610 lusum
995 1551 1023 1611 in
1036 1550 1156 1610 sublime
1167 1571 1189 1610 rs

164 1638 267 1696 iactato
281 1644 308 1694 et
320 1633 395 1695 hiatu
409 1637 468 1694 oris
478 1645 603 1715 excepto
616 1633 837 1711 strangulatum,
852 1636 952 1700 cumei
964 1644 1030 1716 ante
1045 1652 1155 1714 paucos

164 1720 225 1780 dies
243 1720 328 1778 liliam
343 1720 439 1779 Seiani
452 1719 663 1798 despondisset.
692 1719 755 1793 Quo
771 1720 862 1795 magis
878 1721 967 1780 miror
981 1716 1086 1795 luisse,
1108 1719 1155 1798 qui

165 1804 309 1864 traderent
324 1803 455 1864 fraudea
475 1804 581 1864 Seiano
596 1811 735 1863 necatum.
764 1801 910 1864 Claudiam
926 1821 964 1862 cx
979 1802 1083 1862 liberto
1101 1820 1154 1862 suo

164 1888 270 1948 Botere
298 1897 483 1966 conceptam,
512 1889 639 1966 quamvis
660 1896 725 1946 ante
740 1889 872 1968 quintum
893 1905 1020 1946 mensem
1040 1886 1154 1947 divortii

163 1981 256 2032 natam
271 1971 367 2050 alique
383 1980 531 2054 coeptam,
548 1973 655 2052 exponi
669 1963 764 2030 tainen
779 1971 814 2032 ad
828 1968 926 2030 matris
937 1973 1048 2031 ianuam
1063 1980 1091 2030 et
1105 1988 1155 2029 nu·
1165 1987 1189 2027 aa

162 2057 226 2116 dam
252 2056 333 2115 iussit
352 2056 463 2130 abicis
480 2056 633 2117 Antoniam
655 2055 713 2115 GN.
738 2055 877 2134 Pompeio
900 2055 1020 2132 Magno,
1052 2054 1155 2115 deinde

161 2140 269 2201 Fausto
285 2140 399 2218 Sullae,
424 2141 610 2202 nobilissimis
624 2139 786 2217 iuvenibus,
811 2139 957 2222 Octaviam
971 2140 1079 2199 Neroni
1098 2141 1155 2218 pri·

161 2225 250 2301 signo
270 2243 322 2285 suo
339 2225 511 2298 collocavit,
536 2225 632 2284 Silano
655 2233 719 2284 ante
740 2223 922 2302 desponsam.
953 2224 1155 2299 Britannicum,
1216 2243 1217 2290 l

163 2309 300 2367 vicesimo
315 2300 485 2396 imperii(die
500 2312 584 2387 inque
600 2308 727 2369 secundo
741 2307 889 2368 consulatu
902 2317 996 2368 natum
1008 2309 1073 2384 sibi,
1088 2327 1155 2387 par·
1202 2291 1217 2340 ‘l

162 2391 257 2450 vulum
275 2394 358 2452 etiam
374 2401 442 2469 tum,
458 2402 486 2452 et
500 2388 650 2474 militi)pro
666 2393 801 2453 contione
817 2391 946 2452 manibus
961 2385 1020 2452 suis
1035 2401 1191 2470 gestansas

164 2483 193 2533 et
208 2474 287 2553 plebi
308 2495 360 2554 per
384 2477 552 2554 spectacula
570 2477 680 2554 gremio
698 2486 745 2536 aut
766 2486 831 2536 ante
846 2495 879 2536 se
895 2478 1022 2536 retinens
1040 2476 1156 2536 assidue

164 2559 381 2620 commendabat
404 2560 562 2639 faustisque
586 2560 724 2620 ominibus
752 2579 815 2620 cum
836 2560 1052 2621 adclamantium
1071 2559 1157 2620 turba
1216 2609 1217 2616 ,

162 2643 401 2722 prosequebatur.
436 2643 460 2704 Ε
485 2646 603 2722 generis
622 2644 768 2704 Neronem
794 2644 958 2723 adoptavit,
987 2644 1157 2723 Pompeium
1216 2713 1217 2722 χ

64 2782 71 2793 ,
162 2735 246 2804 atquc
262 2725 387 2787 Silanum
405 2745 462 2788 non
477 2730 621 2788 recusavit
635 2729 720 2788 modo
753 2728 805 2787 sed
820 2738 849 2788 et
863 2731 1015 2788 interemit.

118 2819 154 2873 28
223 2809 402 2872 Libertorum
418 2813 574 2891 praecipue
593 2775 858 2891 suspexilZPosiden
875 2813 1049 2892 spadonem,
1069 2831 1155 2892 quem
1167 2834 1193 2876 ao
1216 2815 1217 2882 l

97 2881 246 2957 salertam
266 2894 428 2956 Britannico
456 2896 599 2976 triumpho
626 2898 699 2956 inter
720 2897 857 2956 militares
883 2898 962 2956 viros
981 2897 1062 2957 hasta
1081 2915 1158 2978 pura

17 3001 55 3050 ‚a
67 2989 114 3042 rt·
125 2975 293 3048 :luciaria
309 2998 363 3039 nec
378 2981 469 3040 minus
484 2967 729 3060 Pelicemss‘quem
745 2979 912 3040 cohortibus
927 2990 955 3040 et
968 2981 1021 3042 alis
1036 2982 1157 3061 provin·
1216 2973 1217 3012 ³

162 3065 282 3141 uiaeque
305 3063 429 3125 Iudaeae
450 3039 635 3143 praeposuit,
665 3065 929 3142 trium-reginarum
951 3067 1096 3134 maritum;
1127 3074 1158 3125 et

160 3146 349 3226 Harpocran,
376 3150 420 3208 eui
446 3149 550 3209 lectica
573 3167 627 3228 per
651 3149 750 3209 urbem
778 3148 901 3208 vehendi
928 3149 1157 3228 spectaculaque

161 3229 278 3306 publice
295 3232 397 3292 edendi
412 3235 454 3292 ius
471 3233 581 3302 tribuit;
597 3251 632 3292 ac
648 3251 736 3312 super
752 3233 806 3292 hos
822 3231 970 3309 Polybium
986 3233 1021 3294 ab
1040 3232 1157 3308 studiis,
1169 3255 1196 3296 cs

163 3313 209 3388 qui
236 3332 325 3392 saepe
351 3318 425 3376 inter
448 3316 520 3376 duos
543 3316 677 3376 consules
700 3316 874 3386 ambulabat;
901 3317 1038 3378 sedante
1060 3320 1157 3377 omnis

161 3392 327 3457 Narcissum
346 3399 381 3459 ab
404 3400 550 3479 epistulis,
574 3411 602 3462 et
616 3400 772 3462 Pallantem
789 3420 805 3461 a
820 3402 993 3479 rationibus,
1014 3419 1088 3480 quos
1104 3401 1156 3462 dc-

162 3485 243 3536 creto
261 3496 375 3560 quoque
391 3493 506 3544 senatus
522 3500 579 3545 non
595 3487 729 3564 praemiis
749 3484 834 3545 modo
851 3485 1032 3564 ingentibus,
1055 3485 1109 3546 scd
1126 3495 1157 3546 et
1192 3487 1214 3511 “”

1216 3617 1217 3642 l

1216 3655 1217 3666 .

1177 3820 1184 3841 Ι
