2468 3912
152 255 192 316 22
236 262 574 320 c.sunrou1unnno.
594 263 642 309 on
656 262 738 310 vrrs
756 261 939 310 cassanum
957 261 1026 307 nro.
1043 259 1066 306 ι.

152 423 259 496 istaec,
294 437 349 480 oro
379 424 408 478 te
414 441 429 488 ;
461 416 584 496 quando
608 424 712 479 motum
727 425 787 493 est,
818 424 847 479 et
872 415 947 497 quid
965 416 1018 478 ille
1043 414 1099 476 tibi
1123 423 1155 478 et

153 505 227 586 quid
253 503 300 563 illi
325 509 387 563 tute
412 501 544 562 dederis.
584 500 695 563 Gallico
726 501 849 581 denique
875 500 1018 581 triumpho
1046 499 1152 560 milites

154 592 216 649 eius
230 589 305 646 inter
323 595 421 647 cetera
437 589 578 663 carmina,
602 586 696 664 qualia
713 603 828 646 currum
842 592 1057 665 prosequentes
1071 585 1151 644 iocu-

153 674 253 734 lariter
269 679 389 748 canunt,
412 670 495 730 etiam
508 669 577 730 illud
594 670 821 747 vulgatissimum
836 669 1109 748 pronuntiaverunt:

281 759 384 815 Gallias
396 758 501 815 Caesar
511 759 627 830 subegit,
649 759 811 814 Nicomedes
824 755 984 814 Caesarem:
1162 769 1175 811 a

278 844 352 900 Ecce
366 844 470 902 Caesar
484 859 558 899 nunc
572 843 726 913 triumphat
739 843 788 914 qui
804 842 907 913 subegit
918 841 1029 906 Gallias,

279 928 439 984 Nicomedes
452 943 508 983 nors
523 927 673 998 triumphat
687 929 735 998 ptri
742 926 845 998 subegit
855 926 1011 984 Gaesarem.

114 1009 278 1076 sol’ronum
302 1017 330 1068 et
352 1015 548 1087 sumptuosum
568 1008 596 1066 in
621 1005 753 1066 libidines
776 1006 866 1066 inisse
893 1014 1030 1066 constans
1053 1005 1152 1084 opinio

154 1102 213 1171 est,
236 1093 428 1172 plurimasque
446 1100 476 1151 et
499 1091 628 1151 illustres
649 1090 769 1151 feminas
790 1091 974 1168 corrupisse,
996 1090 1025 1147 in
1049 1088 1152 1168 quibus

153 1177 326 1239 Postumiam
347 1177 431 1236 Servi
454 1174 592 1254 Sulpicii,
615 1174 735 1235 Lolliam
757 1174 824 1234 Auli
845 1173 964 1250 Gabini,
993 1172 1151 1234 Tertullam
1163 1191 1188 1232 ss

153 1262 244 1323 Marci
259 1260 375 1338 Crassi,
399 1262 484 1321 etiarn
507 1257 567 1319 GN.
582 1259 701 1339 Pompei
723 1259 854 1320 Illuciam.
885 1257 957 1318 Nam
974 1265 1053 1318 certe
1069 1255 1152 1318 Porn-

153 1346 222 1425 peio
238 1353 268 1405 et
289 1363 306 1405 a
330 1343 502 1405 Curionibus
519 1352 602 1422 patre
624 1353 653 1404 et
671 1344 731 1403 iulio
752 1353 781 1403 et
797 1362 813 1404 a
829 1341 924 1402 multis
946 1340 1152 1421 exprobratum

154 1439 217 1506 est,
245 1426 321 1506 quod
344 1427 424 1487 cuius
449 1445 535 1488 causa
556 1436 623 1506 post
644 1437 704 1488 tres
725 1427 835 1488 liberos
857 1427 1008 1504 exegisset
1031 1443 1152 1485 uxorem
1223 1489 1230 1524 Ι

155 1521 185 1572 et
215 1528 300 1590 quem
329 1527 449 1588 gemens
482 1509 653 1588 Aegisthum
683 1511 833 1592 appellare
861 1518 1051 1587 consuesset,
1089 1510 1152 1569 eius

155 1604 259 1674 postea
280 1594 365 1654 liliam
388 1595 534 1675 potentiae
562 1596 716 1674 cupiditate
736 1597 764 1655 in
785 1595 993 1657 matrimonium
1017 1595 1148 1674 recepis-
1162 1609 1186 1651 rs

155 1687 210 1738 set.
237 1677 296 1737 Sed
325 1685 390 1737 ante
415 1677 486 1738 alias
508 1678 610 1738 dilexit
635 1679 724 1740 Marci
743 1679 821 1740 Buuti
846 1689 964 1740 matrem
988 1679 1150 1756 Serviliam,

156 1763 200 1821 cui
223 1769 252 1821 et
274 1761 365 1840 primo
390 1779 442 1821 suo
468 1761 618 1822 consulatu
638 1765 793 1841 sexagiens
812 1766 948 1824 sestertio
968 1765 1151 1840 margaritam

154 1852 298 1905 mercatus
318 1853 362 1904 est
385 1854 414 1905 ct
434 1844 514 1906 bello
539 1847 616 1906 civili
637 1866 725 1926 super
747 1848 817 1908 alias
839 1848 1009 1908 donationes
1036 1847 1150 1926 amplis·
1228 1829 1230 1856 ¹

155 1932 224 1990 sima
248 1929 365 2009 praedia
395 1948 433 1989 ex
464 1930 643 1992 auctionibus
666 1931 766 1992 hastae
787 1935 901 1991 minimo
933 1931 1057 2000 addixit;
1088 1949 1152 1992 cum

155 2013 282 2093 quidem,
306 2012 453 2092 plerisque
475 2014 612 2074 vilitatem
633 2015 815 2094 mirantibus,
838 2016 1015 2076 facetissime
1043 2014 1149 2076 Cicero
1161 2035 1186 2076 ro

156 2095 223 2172 Quo
256 2097 380 2176 melius,
409 2099 512 2177 inquit,
548 2107 678 2178 emptum
704 2101 831 2176 sciatis,
864 2099 969 2161 Tertio
996 2099 1151 2170 deducto,·

155 2181 369 2242 existimabatur
392 2183 466 2241 enim
487 2183 610 2243 Servilia
628 2185 712 2245 etiam
737 2185 822 2245 liliam
840 2203 919 2245 suam
934 2185 1059 2245 Tertiam
1078 2182 1150 2245 (lae-

113 2267 213 2332 slsari
236 2265 402 2326 conciliare.
436 2265 480 2325 Ne
502 2268 727 2345 provincialibus
757 2269 871 2347 quidem
893 2267 1080 2329 matrimoniis
1101 2268 1151 2328 ab·
1223 2306 1225 2320 ι

155 2349 301 2424 minuisse,
325 2349 374 2409 vel
390 2349 447 2409 hoc
465 2349 587 2411 disticho
603 2361 724 2431 apparet
747 2353 853 2414 iactato
872 2371 963 2433 aeque
980 2372 996 2414 a
1013 2351 1150 2412 militibus

154 2448 208 2510 per
225 2431 363 2493 Gallicum
377 2432 563 2513 triumphum:

222 2518 338 2589 Urbani,
356 2527 463 2577 serame
482 2538 598 2587 umores,
622 2523 762 2580 moechum
780 2525 882 2582 caluom
902 2525 1073 2583 adducimus.

214 2601 323 2660 Aurum
339 2606 368 2658 in
386 2603 474 2661 Gallio
491 2607 635 2678 effutuisti,
657 2607 702 2664 ltic
715 2611 855 2680 sumpsisti
870 2615 1001 2666 mutuum.

111 2682 262 2746 ⁶2Dilexit
292 2693 321 2744 et
350 2685 483 2764 reginas,
519 2688 593 2746 inter
623 2707 694 2768 quas
717 2686 839 2748 Eunoen
864 2689 989 2750 Mauram
1021 2689 1150 2768 Bogudis
1220 2727 1221 2761 ,

153 2784 289 2846 uxorem,
311 2769 355 2827 cni
376 2769 534 2849 maritoque
556 2773 618 2831 eius
635 2773 756 2851 plurima
778 2783 808 2832 et
830 2775 967 2834 immensa
983 2774 1097 2852 tribuit,
1120 2783 1151 2834 ut
1219 2803 1220 2856 p

151 2851 230 2912 Naso
255 2852 385 2932 scripsit,
408 2853 460 2913 sed
482 2855 603 2915 maxime
627 2854 826 2936 Cleopatram,
864 2877 926 2918 cum
950 2877 1006 2938 qua
1029 2868 1058 2918 et
1080 2877 1183 2924 con-ao

152 2937 227 2997 viria
241 2936 270 2996 in
285 2937 403 3017 primam
418 2938 512 2998 lucem
531 2957 620 3020 saepe
637 2941 779 3019 protraxit
806 2952 835 3002 et
850 2942 950 3003 eadem
966 2961 1040 3003 nare
1061 2943 1149 3004 thala·

151 3037 238 3097 mego
268 3039 362 3100 paene
391 3021 546 3101 Aethiopia
580 3033 662 3085 tenus
690 3024 857 3104 Aegyptum
888 3030 1065 3108 penetravit,
1095 3026 1150 3088 nisi

152 3105 299 3164 exercitus
317 3105 400 3184 sequi
415 3117 600 3186 recusasset,
623 3127 705 3187 quam
721 3109 846 3189 denique
865 3112 985 3172 accitam
1004 3113 1031 3171 in
1050 3112 1149 3172 urbem

151 3185 264 3245 nonnisi
279 3189 407 3248 maximis
423 3188 580 3251 honoribus
596 3196 777 3273 praemioque
792 3205 903 3256 auctam
913 3195 1033 3272 remisit,
1049 3195 1147 3256 lilium·

152 3286 208 3346 que
223 3277 316 3330 natum
333 3273 485 3352 appellare
504 3276 618 3336 nomine
640 3293 692 3336 suo
715 3295 817 3355 passus
836 3289 890 3339 est.
928 3281 1019 3354 Quem
1035 3279 1147 3360 quidem
1156 3295 1180 3339 rs

150 3349 278 3410 nonnulli
297 3353 472 3418 Graecorum
488 3359 608 3418 similem
624 3376 738 3438 quoque
756 3358 875 3424 caesari
896 3373 925 3423 et
946 3364 1039 3424 forma
1062 3373 1091 3424 et
1107 3365 1146 3423 in·

152 3450 239 3492 cessu
260 3433 442 3500 tradiderunt.
485 3442 523 3503 ll.
548 3443 690 3503 Antonius
710 3443 855 3521 adgnitum
878 3449 962 3508 etiam
987 3447 1079 3508 abeo
1102 3466 1146 3509 so·

150 3516 227 3576 natui
248 3515 424 3598 adfirmavit,
447 3541 520 3602 quae
541 3527 618 3586 scire
639 3525 671 3586 C.
695 3527 810 3588 Matium
831 3539 860 3589 et
882 3529 915 3590 C.
934 3531 1058 3610 Oppium
1079 3533 1146 3592 reli-
