2450 3910
448 257 451 261 ’
525 271 655 322 orno.
1034 261 1095 322 213

104 429 205 501 litavit,
218 447 280 489 curn
292 429 341 490 tali
354 431 498 491 saculicio
510 431 655 490 contraria
670 438 735 488 exta
747 431 862 509 potiora
875 431 948 508 siut,
962 438 991 489 ct
1003 429 1095 508 primo

104 531 228 590 egressu
238 512 468 574 inundationibus
480 513 594 575 Tiberis
606 511 784 590 retardatus,
796 512 833 574 ad
847 516 1034 592 vicensimum
1052 523 1093 573 et·

6 611 25 660 t·
102 601 159 658 iarn
169 597 294 676 lapidem
308 600 389 659 ruina
402 599 599 660 aedificiorum
611 597 878 677 praeclusamviam
892 599 1021 659 ollendit.
1048 599 1091 658 Si·
1109 605 1128 661 9

6 681 7 684 ’
102 682 162 742 mili
173 685 344 760 temeritate,
358 687 488 762 quamvis
504 681 617 742 dubium
636 683 741 740 nemini
761 691 841 742 esset
859 685 927 761 quin
943 683 1017 744 trabi
1034 681 1095 742 bel-

80 767 160 830 slum
172 775 333 846 oporteret,
346 767 460 846 quando
474 775 504 827 et
520 767 596 826 fame
609 773 638 825 et
649 767 789 842 angustiis
802 765 930 827 locorum
944 775 1096 846 urgeretur

102 851 205 928 bostis,
217 854 433 930 quamprimum
445 861 541 912 tamen
556 849 712 909 decertare
730 851 842 926 statuit,
862 853 924 910 sive
942 853 1095 930 impatiens

100 935 244 1013 longioris
257 934 459 996 sollicitudinis
474 951 656 1016 speransque
671 943 737 994 ante
749 934 850 994 Vitelli
864 933 1016 995 adventum
1029 953 1095 1015 pro·

6 1061 9 1082 ι
101 1019 196 1097 lligari
213 1019 365 1099 plurimum
378 1039 478 1100 posse,
491 1022 555 1080 sive
567 1021 659 1097 impar
670 1019 790 1078 militum
802 1018 898 1079 ardori
910 1036 1036 1098 pugnam
1046 1018 1094 1078 de·

101 1106 291 1185 poscentium.
322 1102 387 1165 Nec
398 1104 450 1165 ulli
462 1121 577 1185 pugnae
590 1103 669 1162 affuit
680 1102 865 1180 substititque
876 1102 1007 1162 Brixelli.

66 1211 90 1252 ιε
163 1187 201 1248 Et
213 1188 429 1267 tribusquidem
448 1205 548 1249 verum
565 1185 761 1246 mediocribus
781 1186 892 1266 proelis
912 1186 988 1266 apud
1000 1186 1095 1266 Alpes

99 1254 421 1352 circaqucll'lacentiam
433 1272 508 1332 etad
521 1271 661 1346 Castoris,
673 1270 830 1350 quodlcco
848 1289 954 1332 nomen
971 1281 1033 1349 est,
1052 1272 1099 1331 vi-

99 1361 154 1427 oit;
170 1358 329 1417 novissimo
347 1352 626 1450 maximoqnelapud
642 1353 804 1416 Betriacum
823 1355 924 1415 fraude
941 1364 1095 1435 superatus

99 1451 154 1518 est,
167 1458 231 1501 cum
243 1459 298 1520 spe
308 1442 456 1520 conloquii
472 1441 564 1516 facta,
578 1442 659 1518 qnasi
668 1440 707 1499 ad
723 1439 916 1501 conditionem
930 1442 1010 1520 pacis
1023 1439 1095 1499 mili·

98 1525 175 1586 tibus
188 1525 310 1602 eductis,
324 1527 521 1605 exinproviso
534 1533 619 1603 atqne
635 1525 664 1582 in
681 1527 747 1604 ipsa
768 1524 998 1586 consalutatione
1016 1525 1095 1586 dimi·

63 1627 88 1670 rs
100 1609 220 1672 candum
233 1609 345 1669 luisset.
377 1610 428 1670 Ac.
437 1612 532 1670 statim
549 1607 690 1668 moriendi
708 1611 845 1689 impetum
858 1612 952 1689 cepit,
969 1619 1000 1669 ut
1015 1609 1095 1670 multi

98 1712 154 1755 nec
170 1693 274 1754 frustra
287 1697 451 1774 opinantur,
464 1696 557 1772 magis
571 1691 681 1772 pudore
692 1702 818 1754 netnnto
829 1713 925 1754 rerum
936 1695 1094 1756 hominum·

98 1796 156 1856 que
168 1778 299 1858 periculo
311 1779 533 1840 dominationem
546 1776 601 1836 sibi
614 1795 749 1838 asserere
770 1788 991 1858 perseveraret,
1011 1797 1095 1857 qnam

6 1865 11 1878 '
99 1862 306 1942 desperatione
317 1863 375 1922 ulla
388 1871 435 1922 aut
446 1861 605 1923 diffidentia
615 1864 779 1942 copiarum
794 1866 904 1943 quippe
915 1863 1040 1923 residuis
1051 1865 1094 1922 in·

97 1948 249 2026 tegrisquc
262 1949 347 2006 etiam
360 1965 435 2006 nunc
448 1965 519 2026 quas
532 1963 631 2006 secum
643 1946 679 2006 ad
698 1946 843 2007 secundos
863 1966 948 2008 casus
968 1946 1094 2006 detinue-

60 2048 88 2092 ιο
99 2039 155 2107 rat,
168 2039 197 2090 et
208 2029 482 2110 supervenientibus
491 2029 556 2090 aliis
573 2048 589 2088 e
602 2029 741 2090 Dalmatia
751 2029 955 2109 Pannoniaque
974 2039 1003 2090 ct
1015 2030 1093 2091 Moe·

106 2116 160 2192 sia,
171 2133 208 2174 ne
220 2116 305 2174 victis
316 2113 430 2192 quidem
440 2113 514 2174 adeo
526 2113 639 2173 alliodo
650 2122 681 2174 nt
697 2131 754 2174 noo
769 2115 799 2172 in
814 2115 952 2175 ultionem
973 2117 1093 2192 ignomi-

95 2201 163 2260 niae
174 2198 290 2278 quidvis
301 2198 474 2260 discriminis
489 2197 565 2258 ultro
578 2206 606 2256 et
617 2199 666 2258 vel
679 2197 761 2258 solua
773 2198 911 2259 subirent.

160 2282 292 2343 Interfuit
307 2283 373 2345 bnic
388 2283 468 2342 bello
483 2291 566 2362 pater
580 2299 660 2343 meos
679 2283 833 2344 Suetonius
850 2282 971 2360 Laetos,
990 2284 1093 2344 tertiae
1101 2293 1136 2346 10

6 2375 12 2390 ⁴
97 2367 229 2428 decimae
242 2368 368 2444 legionis
380 2365 511 2428 tribunus
526 2367 763 2444 angosticlavios.
786 2367 815 2428 ls
827 2385 894 2427 mox
906 2367 1018 2428 referre
1031 2386 1093 2428 cre·

61 2452 155 2512 ecbro
173 2451 298 2529 solebat,
314 2451 457 2513 Othonem
469 2453 554 2512 etiam
567 2452 708 2530 privatum
718 2469 811 2530 usque
831 2452 905 2512 adeo
922 2451 1093 2514 detestatum

99 2536 199 2598 civilia
211 2554 301 2614 arma,
318 2546 347 2597 ut
356 2545 535 2597 memorante
547 2535 670 2614 quodam
682 2537 757 2596 inter
766 2537 869 2617 opulas
882 2536 918 2596 de
928 2535 1012 2614 Cassi
1024 2537 1093 2598 Bro-

97 2623 180 2700 tique
194 2623 273 2681 exitu
290 2619 487 2689 cohorruerit;
505 2638 562 2679 neo
580 2638 784 2681 concursurum
801 2639 865 2683 cum
880 2620 971 2682 Galba
990 2622 1093 2697 fuisso,

97 2706 156 2765 nisi
173 2704 334 2767 confideret
351 2706 413 2766 sine
425 2704 505 2764 bello
522 2721 585 2762 reru
599 2705 722 2782 transigi
737 2723 840 2784 posse:
861 2715 928 2766 tunc
942 2703 977 2765 ad
995 2705 1093 2784 despi-

99 2789 230 2850 ciendam
254 2791 342 2849 vitam
362 2788 701 2869 exemplomanipularis
718 2791 816 2851 militis
836 2791 1026 2865 concitatum,
1045 2789 1094 2868 qni

60 2890 87 2932 to
100 2892 166 2934 cum
179 2874 290 2936 cladem
304 2875 451 2934 exercitos
463 2875 609 2937 nuntiaret,
617 2891 674 2933 nec
685 2876 817 2953 cuiquam
829 2872 913 2934 fidem
924 2873 1046 2951 faceret,
1058 2891 1094 2934 ac

96 2976 175 3018 nunc
185 2960 316 3020 mendaci
327 2976 402 3018 nunc
414 2959 524 3018 timoris
537 2959 618 3036 quasi
630 2958 754 3034 fugisset
772 2977 810 3018 ex
827 2959 892 3018 acie
911 2966 1092 3035 argueretur,

98 3041 198 3120 gladio
211 3053 277 3104 ante
290 3042 382 3122 pedes
394 3043 456 3102 eius
467 3041 638 3101 incubuerit.
660 3040 724 3102 Hoc
735 3046 798 3102 viso
815 3041 1014 3121 proclamasse
1029 3059 1094 3102 cnm

99 3125 209 3209 aiebat,
219 3145 275 3186 non
289 3126 411 3206 amplius
424 3144 457 3186 se
469 3127 498 3185 in
511 3125 670 3205 periculum
680 3125 746 3186 talis
757 3136 872 3206 tamque
886 3124 962 3185 bene
972 3127 1093 3188 meritos

99 3212 306 3272 coniecturum.
896 3213 899 3218 '

61 3314 88 3356 ss
162 3293 292 3356 Fratrem
303 3295 392 3372 igitur
407 3295 563 3373 fratrisque
573 3295 661 3355 filiurn
679 3303 708 3356 et
723 3295 855 3374 singulos
873 3295 1027 3356 amicorum
1042 3312 1092 3358 co·

96 3381 229 3444 bortaius
241 3389 271 3439 ut
282 3379 336 3438 sibi
349 3380 471 3458 quisque
487 3397 539 3458 pro
550 3379 687 3440 facultate
705 3380 885 3458 consuleret,
902 3379 938 3440 ab
958 3381 1093 3461 amplexu

97 3474 129 3524 et
140 3462 244 3542 osculo
257 3481 309 3524 suc
324 3461 428 3524 dimisit
440 3465 543 3540 omnis,
556 3473 730 3544 secretoque
743 3476 830 3546 capto
842 3465 927 3525 binos
940 3466 1092 3528 codicillos

10 3556 13 3570 ¹
47 3536 60 3617 ς’
97 3556 244 3642 exaravit,
257 3545 293 3607 ad
305 3564 436 3608 sororem
445 3543 671 3630 consolatorios,
685 3548 1092 3628 etadllessaliuamNeronis,
