<?xml version="1.0" encoding="UTF-8"?>
<!DOCTYPE html PUBLIC "-//W3C//DTD XHTML 1.0 Transitional//EN"
    "http://www.w3.org/TR/xhtml1/DTD/xhtml1-transitional.dtd">
<html xmlns="http://www.w3.org/1999/xhtml" xml:lang="en" lang="en">
 <head>
  <title>
</title>
<meta http-equiv="Content-Type" content="text/html;charset=utf-8" />
  <meta name='ocr-system' content='tesseract 3.04.00' />
  <meta name='ocr-capabilities' content='ocr_page ocr_carea ocr_par ocr_line ocrx_word'/>
</head>
<body>
  <div class='ocr_page' id='page_1' title='image "./csuetonitranqui00suetgoog_0339.png"; bbox 0 0 2450 3910; ppageno 0'>
   <div class='ocr_carea' id='block_1_1' title="bbox 98 622 1120 906">
    <p class='ocr_par' dir='ltr' id='par_1_1' title="bbox 98 622 1198 952">
     <span class='ocr_line' id='line_1_1' title="bbox 312 622 977 720; baseline -0.009 -6"><span class='ocrx_word' id='word_1_1' title='bbox 312 632 354 714; x_wconf 82' lang='lat' dir='ltr'><strong>O.</strong></span> <span class='ocrx_word' id='word_1_2' title='bbox 382 631 615 714; x_wconf 83' lang='lat' dir='ltr'><strong>SUETONI</strong></span> <span class='ocrx_word' id='word_1_3' title='bbox 639 622 977 720; x_wconf 76' lang='lat' dir='ltr'><strong>TRANQUILLI</strong></span> 
     </span>
     <span class='ocr_line' id='line_1_2' title="bbox 98 793 1120 906; baseline -0.006 0"><span class='ocrx_word' id='word_1_4' title='bbox 98 793 1120 906; x_wconf 36' lang='lat' dir='ltr'><strong>&#39;nuurunonusnnom</strong></span> 
     </span>
    </p>
   </div>
   <div class='ocr_carea' id='block_1_2' title="bbox 504 997 773 1064">
    <p class='ocr_par' dir='ltr' id='par_1_2' title="bbox 504 997 773 1064">
     <span class='ocr_line' id='line_1_3' title="bbox 504 997 773 1064; baseline -0.007 0"><span class='ocrx_word' id='word_1_5' title='bbox 504 997 665 1064; x_wconf 82' lang='lat' dir='ltr'><strong>LIBER</strong></span> <span class='ocrx_word' id='word_1_6' title='bbox 680 998 773 1062; x_wconf 89' lang='lat' dir='ltr'><strong>VIII.</strong></span> 
     </span>
    </p>
   </div>
   <div class='ocr_carea' id='block_1_3' title="bbox 211 1168 1074 1365">
    <p class='ocr_par' dir='ltr' id='par_1_3' title="bbox 211 1147 1198 1365">
     <span class='ocr_line' id='line_1_4' title="bbox 211 1168 1074 1257; baseline -0.003 -6"><span class='ocrx_word' id='word_1_7' title='bbox 211 1175 354 1250; x_wconf 85' lang='lat' dir='ltr'><strong>nruns</strong></span> <span class='ocrx_word' id='word_1_8' title='bbox 379 1171 714 1257; x_wconf 76' lang='lat' dir='ltr'><strong>vnsrnsnnuus.</strong></span> <span class='ocrx_word' id='word_1_9' title='bbox 764 1168 1074 1248; x_wconf 82' lang='lat' dir='ltr'><strong>n1vusr1ros</strong></span> 
     </span>
     <span class='ocr_line' id='line_1_5' title="bbox 403 1289 791 1365; baseline 0.005 -3"><span class='ocrx_word' id='word_1_10' title='bbox 403 1358 404 1362; x_wconf 10' lang='lat' dir='ltr'><strong>a</strong></span> <span class='ocrx_word' id='word_1_11' title='bbox 483 1289 791 1365; x_wconf 80' lang='lat' dir='ltr'><strong>nomrmuus.</strong></span> 
     </span>
    </p>
   </div>
   <div class='ocr_carea' id='block_1_4' title="bbox 548 1483 735 1496">
    <p class='ocr_par' dir='ltr' id='par_1_4' title="bbox 548 1483 735 1496">
     <span class='ocr_line' id='line_1_6' title="bbox 548 1483 735 1496; baseline 0.005 -1"><span class='ocrx_word' id='word_1_12' title='bbox 548 1483 735 1496; x_wconf 63' lang='grc' dir='ltr'><strong>-ό-ο-η--ι</strong></span> 
     </span>
    </p>
   </div>
   <div class='ocr_carea' id='block_1_5' title="bbox 447 1623 844 1680">
    <p class='ocr_par' dir='ltr' id='par_1_5' title="bbox 447 1623 844 1680">
     <span class='ocr_line' id='line_1_7' title="bbox 447 1623 844 1680; baseline -0.005 0"><span class='ocrx_word' id='word_1_13' title='bbox 447 1625 557 1680; x_wconf 81' lang='lat' dir='ltr'><strong>biviis</strong></span> <span class='ocrx_word' id='word_1_14' title='bbox 579 1623 844 1680; x_wconf 68' lang='lat' dir='ltr'><strong>assensistis,</strong></span> 
     </span>
    </p>
   </div>
   <div class='ocr_carea' id='block_1_6' title="bbox 122 1769 1198 3290">
    <p class='ocr_par' dir='ltr' id='par_1_6' title="bbox 122 1769 1198 2201">
     <span class='ocr_line' id='line_1_8' title="bbox 122 1769 1198 1864; baseline 0.003 -21"><span class='ocrx_word' id='word_1_15' title='bbox 122 1797 137 1850; x_wconf 91' lang='lat'>1</span> <span class='ocrx_word' id='word_1_16' title='bbox 206 1783 378 1844; x_wconf 84' lang='lat' dir='ltr'>Rebellione</span> <span class='ocrx_word' id='word_1_17' title='bbox 393 1785 475 1842; x_wconf 89' lang='lat' dir='ltr'><strong>trium</strong></span> <span class='ocrx_word' id='word_1_18' title='bbox 492 1783 653 1860; x_wconf 82' lang='lat' dir='ltr'><strong>principum</strong></span> <span class='ocrx_word' id='word_1_19' title='bbox 669 1792 697 1841; x_wconf 90' lang='lat' dir='ltr'><strong>et</strong></span> <span class='ocrx_word' id='word_1_20' title='bbox 713 1784 802 1844; x_wconf 91' lang='lat' dir='ltr'><strong>caede</strong></span> <span class='ocrx_word' id='word_1_21' title='bbox 814 1785 955 1844; x_wconf 88' lang='lat' dir='ltr'><strong>incertum</strong></span> <span class='ocrx_word' id='word_1_22' title='bbox 966 1784 1014 1845; x_wconf 88' lang='lat' dir='ltr'><strong>diu</strong></span> <span class='ocrx_word' id='word_1_23' title='bbox 1026 1795 1055 1845; x_wconf 93' lang='lat' dir='ltr'><strong>et</strong></span> <span class='ocrx_word' id='word_1_24' title='bbox 1067 1805 1135 1864; x_wconf 85' lang='lat' dir='ltr'><strong>qua·</strong></span> <span class='ocrx_word' id='word_1_25' title='bbox 1197 1769 1198 1786; x_wconf 45' lang='lat'>¹</span> 
     </span>
     <span class='ocr_line' id='line_1_9' title="bbox 149 1867 1198 1947; baseline 0.002 -19"><span class='ocrx_word' id='word_1_26' title='bbox 149 1869 173 1929; x_wconf 91' lang='lat' dir='ltr'><strong>si</strong></span> <span class='ocrx_word' id='word_1_27' title='bbox 192 1886 297 1946; x_wconf 89' lang='lat' dir='ltr'><strong>vagum</strong></span> <span class='ocrx_word' id='word_1_28' title='bbox 321 1867 471 1945; x_wconf 90' lang='lat' dir='ltr'><strong>imperium</strong></span> <span class='ocrx_word' id='word_1_29' title='bbox 501 1869 629 1945; x_wconf 75' lang='lat' dir='ltr'>suscepit</span> <span class='ocrx_word' id='word_1_30' title='bbox 647 1867 828 1947; x_wconf 82' lang='lat' dir='ltr'><strong>firmavitque</strong></span> <span class='ocrx_word' id='word_1_31' title='bbox 846 1869 959 1929; x_wconf 87' lang='lat' dir='ltr'><strong>tandem</strong></span> <span class='ocrx_word' id='word_1_32' title='bbox 976 1887 1050 1946; x_wconf 89' lang='lat' dir='ltr'><strong>gens</strong></span> <span class='ocrx_word' id='word_1_33' title='bbox 1069 1870 1136 1930; x_wconf 84' lang='lat' dir='ltr'><strong>Fla·</strong></span> <span class='ocrx_word' id='word_1_34' title='bbox 1197 1891 1198 1918; x_wconf 72' lang='lat' dir='ltr'><strong>t</strong></span> 
     </span>
     <span class='ocr_line' id='line_1_10' title="bbox 148 1950 1135 2032; baseline 0 -19"><span class='ocrx_word' id='word_1_35' title='bbox 148 1955 210 2030; x_wconf 84' lang='lat' dir='ltr'><strong>via,</strong></span> <span class='ocrx_word' id='word_1_36' title='bbox 232 1953 356 2013; x_wconf 85' lang='lat' dir='ltr'><strong>obscura</strong></span> <span class='ocrx_word' id='word_1_37' title='bbox 369 1951 418 2010; x_wconf 90' lang='lat' dir='ltr'><strong>illa</strong></span> <span class='ocrx_word' id='word_1_38' title='bbox 436 1950 549 2030; x_wconf 85' lang='lat' dir='ltr'><strong>quidem</strong></span> <span class='ocrx_word' id='word_1_39' title='bbox 563 1969 598 2010; x_wconf 90' lang='lat' dir='ltr'><strong>ac</strong></span> <span class='ocrx_word' id='word_1_40' title='bbox 622 1953 683 2011; x_wconf 92' lang='lat' dir='ltr'><strong>sine</strong></span> <span class='ocrx_word' id='word_1_41' title='bbox 706 1951 771 2011; x_wconf 94' lang='lat' dir='ltr'><strong>ullis</strong></span> <span class='ocrx_word' id='word_1_42' title='bbox 794 1954 933 2013; x_wconf 92' lang='lat' dir='ltr'><strong>maiorum</strong></span> <span class='ocrx_word' id='word_1_43' title='bbox 951 1954 1135 2032; x_wconf 71' lang='lat' dir='ltr'><strong>Imaginibus,</strong></span> 
     </span>
     <span class='ocr_line' id='line_1_11' title="bbox 148 2036 1135 2115; baseline 0 -17"><span class='ocrx_word' id='word_1_44' title='bbox 148 2037 201 2098; x_wconf 85' lang='lat' dir='ltr'><strong>sed</strong></span> <span class='ocrx_word' id='word_1_45' title='bbox 213 2046 308 2098; x_wconf 89' lang='lat' dir='ltr'><strong>tamen</strong></span> <span class='ocrx_word' id='word_1_46' title='bbox 322 2037 364 2095; x_wconf 92' lang='lat' dir='ltr'><strong>rei</strong></span> <span class='ocrx_word' id='word_1_47' title='bbox 375 2053 404 2114; x_wconf 90' lang='lat' dir='ltr'><strong>p.</strong></span> <span class='ocrx_word' id='word_1_48' title='bbox 422 2053 601 2115; x_wconf 86' lang='lat' dir='ltr'><strong>nequaquam</strong></span> <span class='ocrx_word' id='word_1_49' title='bbox 613 2036 799 2113; x_wconf 88' lang='lat' dir='ltr'><strong>paenitenda;</strong></span> <span class='ocrx_word' id='word_1_50' title='bbox 819 2045 933 2097; x_wconf 85' lang='lat' dir='ltr'><strong>constet</strong></span> <span class='ocrx_word' id='word_1_51' title='bbox 945 2037 1022 2114; x_wconf 83' lang='lat' dir='ltr'><strong>licet,</strong></span> <span class='ocrx_word' id='word_1_52' title='bbox 1038 2037 1135 2098; x_wconf 92' lang='lat' dir='ltr'><strong>Domi·</strong></span> 
     </span>
     <span class='ocr_line' id='line_1_12' title="bbox 147 2119 1161 2201; baseline -0.008 -19"><span class='ocrx_word' id='word_1_53' title='bbox 147 2125 253 2183; x_wconf 90' lang='lat' dir='ltr'><strong>tianum</strong></span> <span class='ocrx_word' id='word_1_54' title='bbox 271 2119 432 2201; x_wconf 75' lang='lat' dir='ltr'><strong>cupiditatis</strong></span> <span class='ocrx_word' id='word_1_55' title='bbox 446 2137 481 2180; x_wconf 92' lang='lat' dir='ltr'><strong>ac</strong></span> <span class='ocrx_word' id='word_1_56' title='bbox 496 2121 633 2180; x_wconf 87' lang='lat' dir='ltr'><strong>saevitiae</strong></span> <span class='ocrx_word' id='word_1_57' title='bbox 650 2122 753 2179; x_wconf 89' lang='lat' dir='ltr'><strong>merito</strong></span> <span class='ocrx_word' id='word_1_58' title='bbox 769 2137 881 2199; x_wconf 86' lang='lat' dir='ltr'><strong>poenas</strong></span> <span class='ocrx_word' id='word_1_59' title='bbox 896 2121 994 2180; x_wconf 89' lang='lat' dir='ltr'><strong>luisse.</strong></span> <span class='ocrx_word' id='word_1_60' title='bbox 1148 2133 1161 2174; x_wconf 80' lang='lat' dir='ltr'><strong>s</strong></span> 
     </span>
    </p>

    <p class='ocr_par' dir='ltr' id='par_1_7' title="bbox 146 2204 1198 3290">
     <span class='ocr_line' id='line_1_13' title="bbox 211 2204 1138 2281; baseline 0 -15"><span class='ocrx_word' id='word_1_61' title='bbox 211 2206 244 2266; x_wconf 80' lang='lat' dir='ltr'><strong>t.</strong></span> <span class='ocrx_word' id='word_1_62' title='bbox 262 2204 379 2264; x_wconf 72' lang='lat' dir='ltr'><strong>flavius</strong></span> <span class='ocrx_word' id='word_1_63' title='bbox 394 2204 496 2281; x_wconf 85' lang='lat' dir='ltr'><strong>Petro,</strong></span> <span class='ocrx_word' id='word_1_64' title='bbox 516 2205 665 2281; x_wconf 81' lang='lat' dir='ltr'><strong>municeps</strong></span> <span class='ocrx_word' id='word_1_65' title='bbox 679 2204 832 2281; x_wconf 81' lang='lat' dir='ltr'><strong>Reatinus,</strong></span> <span class='ocrx_word' id='word_1_66' title='bbox 856 2204 935 2264; x_wconf 91' lang='lat' dir='ltr'><strong>bello</strong></span> <span class='ocrx_word' id='word_1_67' title='bbox 954 2205 1031 2265; x_wconf 87' lang='lat' dir='ltr'><strong>civili</strong></span> <span class='ocrx_word' id='word_1_68' title='bbox 1051 2204 1138 2266; x_wconf 86' lang='lat' dir='ltr'><strong>Pom·</strong></span> 
     </span>
     <span class='ocr_line' id='line_1_14' title="bbox 147 2288 1198 2371; baseline -0.004 -21"><span class='ocrx_word' id='word_1_69' title='bbox 147 2292 313 2371; x_wconf 88' lang='lat' dir='ltr'><strong>peianarum</strong></span> <span class='ocrx_word' id='word_1_70' title='bbox 329 2289 450 2366; x_wconf 90' lang='lat' dir='ltr'><strong>partium</strong></span> <span class='ocrx_word' id='word_1_71' title='bbox 470 2288 599 2347; x_wconf 88' lang='lat' dir='ltr'><strong>centurio</strong></span> <span class='ocrx_word' id='word_1_72' title='bbox 617 2305 652 2348; x_wconf 89' lang='lat' dir='ltr'><strong>an</strong></span> <span class='ocrx_word' id='word_1_73' title='bbox 670 2296 826 2364; x_wconf 82' lang='lat' dir='ltr'><strong>evocatus,</strong></span> <span class='ocrx_word' id='word_1_74' title='bbox 850 2289 980 2366; x_wconf 84' lang='lat' dir='ltr'><strong>profugit</strong></span> <span class='ocrx_word' id='word_1_75' title='bbox 996 2307 1034 2349; x_wconf 88' lang='lat' dir='ltr'><strong>ex</strong></span> <span class='ocrx_word' id='word_1_76' title='bbox 1048 2289 1138 2351; x_wconf 89' lang='lat' dir='ltr'><strong>Phar·</strong></span> <span class='ocrx_word' id='word_1_77' title='bbox 1197 2315 1198 2346; x_wconf 59' lang='lat' dir='ltr'><strong>t</strong></span> 
     </span>
     <span class='ocr_line' id='line_1_15' title="bbox 148 2371 1198 2450; baseline 0 -16"><span class='ocrx_word' id='word_1_78' title='bbox 148 2375 238 2434; x_wconf 84' lang='lat' dir='ltr'><strong>salica</strong></span> <span class='ocrx_word' id='word_1_79' title='bbox 252 2375 315 2433; x_wconf 91' lang='lat' dir='ltr'><strong>acie</strong></span> <span class='ocrx_word' id='word_1_80' title='bbox 331 2372 500 2450; x_wconf 88' lang='lat' dir='ltr'><strong>domumque</strong></span> <span class='ocrx_word' id='word_1_81' title='bbox 517 2390 549 2431; x_wconf 90' lang='lat' dir='ltr'><strong>se</strong></span> <span class='ocrx_word' id='word_1_82' title='bbox 570 2371 704 2448; x_wconf 86' lang='lat' dir='ltr'><strong>contulit,</strong></span> <span class='ocrx_word' id='word_1_83' title='bbox 725 2371 774 2432; x_wconf 89' lang='lat' dir='ltr'><strong>nbi</strong></span> <span class='ocrx_word' id='word_1_84' title='bbox 796 2371 898 2431; x_wconf 89' lang='lat' dir='ltr'><strong>deinde</strong></span> <span class='ocrx_word' id='word_1_85' title='bbox 919 2374 1003 2433; x_wconf 84' lang='lat' dir='ltr'><strong>venia</strong></span> <span class='ocrx_word' id='word_1_86' title='bbox 1025 2383 1054 2434; x_wconf 90' lang='lat' dir='ltr'><strong>et</strong></span> <span class='ocrx_word' id='word_1_87' title='bbox 1069 2376 1139 2434; x_wconf 88' lang='lat' dir='ltr'><strong>mis·</strong></span> <span class='ocrx_word' id='word_1_88' title='bbox 1197 2377 1198 2400; x_wconf 67' lang='lat'>¹</span> 
     </span>
     <span class='ocr_line' id='line_1_16' title="bbox 149 2456 1140 2534; baseline -0.001 -16"><span class='ocrx_word' id='word_1_89' title='bbox 149 2460 231 2519; x_wconf 88' lang='lat' dir='ltr'><strong>sione</strong></span> <span class='ocrx_word' id='word_1_90' title='bbox 256 2459 408 2534; x_wconf 89' lang='lat' dir='ltr'><strong>impetrata</strong></span> <span class='ocrx_word' id='word_1_91' title='bbox 439 2458 606 2515; x_wconf 88' lang='lat' dir='ltr'><strong>coactiones</strong></span> <span class='ocrx_word' id='word_1_92' title='bbox 634 2457 813 2533; x_wconf 87' lang='lat' dir='ltr'><strong>argentarias</strong></span> <span class='ocrx_word' id='word_1_93' title='bbox 842 2456 992 2516; x_wconf 83' lang='lat' dir='ltr'><strong>factitavit.</strong></span> <span class='ocrx_word' id='word_1_94' title='bbox 1045 2456 1140 2518; x_wconf 89' lang='lat' dir='ltr'><strong>Huius</strong></span> 
     </span>
     <span class='ocr_line' id='line_1_17' title="bbox 148 2538 1172 2620; baseline -0.003 -18"><span class='ocrx_word' id='word_1_95' title='bbox 148 2542 234 2618; x_wconf 87' lang='lat' dir='ltr'><strong>iilius,</strong></span> <span class='ocrx_word' id='word_1_96' title='bbox 251 2540 424 2616; x_wconf 77' lang='lat' dir='ltr'><strong>cognomine</strong></span> <span class='ocrx_word' id='word_1_97' title='bbox 440 2538 578 2614; x_wconf 82' lang='lat' dir='ltr'><strong>Sabinus,</strong></span> <span class='ocrx_word' id='word_1_98' title='bbox 596 2557 703 2618; x_wconf 81' lang='lat' dir='ltr'><strong>expers</strong></span> <span class='ocrx_word' id='word_1_99' title='bbox 718 2539 835 2599; x_wconf 91' lang='lat' dir='ltr'><strong>militiae</strong></span> <span class='ocrx_word' id='word_1_100' title='bbox 857 2541 927 2620; x_wconf 86' lang='lat' dir='ltr'><strong>(etsi</strong></span> <span class='ocrx_word' id='word_1_101' title='bbox 942 2540 1055 2619; x_wconf 85' lang='lat' dir='ltr'><strong>quidam</strong></span> <span class='ocrx_word' id='word_1_102' title='bbox 1071 2557 1172 2602; x_wconf 84' lang='lat' dir='ltr'><strong>eumut</strong></span> 
     </span>
     <span class='ocr_line' id='line_1_18' title="bbox 149 2621 1198 2705; baseline 0.002 -20"><span class='ocrx_word' id='word_1_103' title='bbox 149 2621 530 2705; x_wconf 84' lang='lat' dir='ltr'><strong>primipilarem,·nonnulli,</strong></span> <span class='ocrx_word' id='word_1_104' title='bbox 546 2640 609 2682; x_wconf 90' lang='lat' dir='ltr'><strong>cum</strong></span> <span class='ocrx_word' id='word_1_105' title='bbox 627 2622 720 2683; x_wconf 85' lang='lat' dir='ltr'><strong>adbuc</strong></span> <span class='ocrx_word' id='word_1_106' title='bbox 741 2624 857 2684; x_wconf 87' lang='lat' dir='ltr'><strong>ordines</strong></span> <span class='ocrx_word' id='word_1_107' title='bbox 879 2623 1013 2702; x_wconf 89' lang='lat' dir='ltr'><strong>duceret,</strong></span> <span class='ocrx_word' id='word_1_108' title='bbox 1039 2643 1139 2687; x_wconf 90' lang='lat' dir='ltr'><strong>sacra·</strong></span> <span class='ocrx_word' id='word_1_109' title='bbox 1197 2661 1198 2702; x_wconf 40' lang='lat' dir='ltr'><strong>ff</strong></span> 
     </span>
     <span class='ocr_line' id='line_1_19' title="bbox 147 2703 1198 2788; baseline -0.001 -18"><span class='ocrx_word' id='word_1_110' title='bbox 147 2719 244 2770; x_wconf 90' lang='lat' dir='ltr'><strong>mento</strong></span> <span class='ocrx_word' id='word_1_111' title='bbox 260 2707 383 2767; x_wconf 90' lang='lat' dir='ltr'><strong>solutum</strong></span> <span class='ocrx_word' id='word_1_112' title='bbox 400 2724 454 2786; x_wconf 93' lang='lat' dir='ltr'><strong>per</strong></span> <span class='ocrx_word' id='word_1_113' title='bbox 466 2725 581 2767; x_wconf 89' lang='lat' dir='ltr'><strong>causam</strong></span> <span class='ocrx_word' id='word_1_114' title='bbox 592 2706 754 2767; x_wconf 88' lang='lat' dir='ltr'><strong>valitudinis</strong></span> <span class='ocrx_word' id='word_1_115' title='bbox 767 2707 895 2784; x_wconf 85' lang='lat' dir='ltr'><strong>tradunt)</strong></span> <span class='ocrx_word' id='word_1_116' title='bbox 909 2707 1053 2786; x_wconf 89' lang='lat' dir='ltr'><strong>publicum</strong></span> <span class='ocrx_word' id='word_1_117' title='bbox 1067 2727 1140 2788; x_wconf 83' lang='lat' dir='ltr'><strong>qua·</strong></span> <span class='ocrx_word' id='word_1_118' title='bbox 1197 2703 1198 2718; x_wconf 55' lang='lat'>¹</span> 
     </span>
     <span class='ocr_line' id='line_1_20' title="bbox 148 2790 1141 2871; baseline -0.001 -17"><span class='ocrx_word' id='word_1_119' title='bbox 148 2793 330 2871; x_wconf 85' lang='lat' dir='ltr'><strong>dragesimae</strong></span> <span class='ocrx_word' id='word_1_120' title='bbox 344 2791 372 2850; x_wconf 93' lang='lat' dir='ltr'><strong>in</strong></span> <span class='ocrx_word' id='word_1_121' title='bbox 388 2790 458 2850; x_wconf 77' lang='lat' dir='ltr'><strong>Asia</strong></span> <span class='ocrx_word' id='word_1_122' title='bbox 474 2792 550 2868; x_wconf 89' lang='lat' dir='ltr'><strong>egit;</strong></span> <span class='ocrx_word' id='word_1_123' title='bbox 565 2791 774 2870; x_wconf 84' lang='lat' dir='ltr'><strong>manebantque</strong></span> <span class='ocrx_word' id='word_1_124' title='bbox 788 2792 928 2869; x_wconf 85' lang='lat' dir='ltr'><strong>imagines</strong></span> <span class='ocrx_word' id='word_1_125' title='bbox 944 2810 960 2853; x_wconf 91' lang='lat' dir='ltr'><strong>a</strong></span> <span class='ocrx_word' id='word_1_126' title='bbox 974 2793 1141 2854; x_wconf 87' lang='lat' dir='ltr'><strong>civitatibus</strong></span> 
     </span>
     <span class='ocr_line' id='line_1_21' title="bbox 148 2867 1138 2956; baseline -0.002 -17"><span class='ocrx_word' id='word_1_127' title='bbox 148 2880 174 2939; x_wconf 91' lang='lat' dir='ltr'><strong>ei</strong></span> <span class='ocrx_word' id='word_1_128' title='bbox 187 2879 301 2956; x_wconf 88' lang='lat' dir='ltr'><strong>positae</strong></span> <span class='ocrx_word' id='word_1_129' title='bbox 316 2875 368 2934; x_wconf 90' lang='lat' dir='ltr'><strong>sub</strong></span> <span class='ocrx_word' id='word_1_130' title='bbox 384 2875 441 2934; x_wconf 88' lang='lat' dir='ltr'><strong>boc</strong></span> <span class='ocrx_word' id='word_1_131' title='bbox 456 2874 552 2935; x_wconf 89' lang='lat' dir='ltr'><strong>titulo:</strong></span> <span class='ocrx_word' id='word_1_132' title='bbox 569 2871 688 2946; x_wconf 77' lang='grc' dir='ltr'><strong><em>Καλῶς</em></strong></span> <span class='ocrx_word' id='word_1_133' title='bbox 702 2867 936 2952; x_wconf 66' lang='lat' dir='ltr'><strong>scientiaeaut.</strong></span> <span class='ocrx_word' id='word_1_134' title='bbox 953 2875 1059 2937; x_wconf 87' lang='lat' dir='ltr'><strong>Postea</strong></span> <span class='ocrx_word' id='word_1_135' title='bbox 1074 2878 1138 2938; x_wconf 91' lang='lat' dir='ltr'><strong>fae-</strong></span> 
     </span>
     <span class='ocr_line' id='line_1_22' title="bbox 146 2958 1173 3040; baseline -0.003 -18"><span class='ocrx_word' id='word_1_136' title='bbox 146 2969 200 3022; x_wconf 89' lang='lat' dir='ltr'><strong>nus</strong></span> <span class='ocrx_word' id='word_1_137' title='bbox 218 2958 293 3040; x_wconf 88' lang='lat' dir='ltr'><strong>apud</strong></span> <span class='ocrx_word' id='word_1_138' title='bbox 306 2958 457 3018; x_wconf 85' lang='lat' dir='ltr'><strong>Helvetios</strong></span> <span class='ocrx_word' id='word_1_139' title='bbox 473 2960 604 3019; x_wconf 84' lang='lat' dir='ltr'><strong>exercuit</strong></span> <span class='ocrx_word' id='word_1_140' title='bbox 619 2959 717 3036; x_wconf 87' lang='lat' dir='ltr'><strong>ibique</strong></span> <span class='ocrx_word' id='word_1_141' title='bbox 732 2958 806 3018; x_wconf 87' lang='lat' dir='ltr'><strong>diem</strong></span> <span class='ocrx_word' id='word_1_142' title='bbox 827 2959 913 3037; x_wconf 87' lang='lat' dir='ltr'><strong>obiit,</strong></span> <span class='ocrx_word' id='word_1_143' title='bbox 930 2960 1137 3039; x_wconf 86' lang='lat' dir='ltr'><strong>superstitibus</strong></span> <span class='ocrx_word' id='word_1_144' title='bbox 1148 2979 1173 3020; x_wconf 82' lang='lat' dir='ltr'><strong>tn</strong></span> 
     </span>
     <span class='ocr_line' id='line_1_23' title="bbox 147 3039 1139 3122; baseline -0.001 -17"><span class='ocrx_word' id='word_1_145' title='bbox 147 3062 238 3105; x_wconf 84' lang='lat' dir='ltr'><strong>uxore</strong></span> <span class='ocrx_word' id='word_1_146' title='bbox 255 3043 400 3122; x_wconf 88' lang='lat' dir='ltr'><strong>Vespasia</strong></span> <span class='ocrx_word' id='word_1_147' title='bbox 414 3042 497 3104; x_wconf 89' lang='lat' dir='ltr'><strong>Polla</strong></span> <span class='ocrx_word' id='word_1_148' title='bbox 513 3053 541 3103; x_wconf 93' lang='lat' dir='ltr'><strong>et</strong></span> <span class='ocrx_word' id='word_1_149' title='bbox 556 3042 667 3103; x_wconf 90' lang='lat' dir='ltr'><strong>duobus</strong></span> <span class='ocrx_word' id='word_1_150' title='bbox 684 3061 721 3102; x_wconf 86' lang='lat' dir='ltr'><strong>ex</strong></span> <span class='ocrx_word' id='word_1_151' title='bbox 736 3039 771 3102; x_wconf 80' lang='lat' dir='ltr'><strong>ea</strong></span> <span class='ocrx_word' id='word_1_152' title='bbox 781 3043 892 3119; x_wconf 83' lang='lat' dir='ltr'><strong>liberis,</strong></span> <span class='ocrx_word' id='word_1_153' title='bbox 910 3062 1029 3122; x_wconf 85' lang='lat' dir='ltr'><strong>quorum</strong></span> <span class='ocrx_word' id='word_1_154' title='bbox 1043 3047 1139 3105; x_wconf 89' lang='lat' dir='ltr'><strong>maior</strong></span> 
     </span>
     <span class='ocr_line' id='line_1_24' title="bbox 148 3127 1198 3206; baseline 0 -18"><span class='ocrx_word' id='word_1_155' title='bbox 148 3128 270 3188; x_wconf 91' lang='lat' dir='ltr'><strong>Sabinus</strong></span> <span class='ocrx_word' id='word_1_156' title='bbox 285 3127 320 3187; x_wconf 90' lang='lat' dir='ltr'><strong>ad</strong></span> <span class='ocrx_word' id='word_1_157' title='bbox 342 3128 554 3205; x_wconf 82' lang='lat' dir='ltr'><strong>praefecturam</strong></span> <span class='ocrx_word' id='word_1_158' title='bbox 569 3127 664 3203; x_wconf 77' lang='lat' dir='ltr'><strong>urbis,</strong></span> <span class='ocrx_word' id='word_1_159' title='bbox 683 3127 776 3186; x_wconf 88' lang='lat' dir='ltr'><strong>minor</strong></span> <span class='ocrx_word' id='word_1_160' title='bbox 791 3129 986 3206; x_wconf 86' lang='lat' dir='ltr'><strong>vespasianus</strong></span> <span class='ocrx_word' id='word_1_161' title='bbox 1007 3127 1043 3188; x_wconf 87' lang='lat' dir='ltr'><strong>ad</strong></span> <span class='ocrx_word' id='word_1_162' title='bbox 1058 3131 1138 3206; x_wconf 89' lang='lat' dir='ltr'><strong>prin·</strong></span> <span class='ocrx_word' id='word_1_163' title='bbox 1197 3199 1198 3202; x_wconf 8' lang='grc' dir='ltr'><strong>Ἴ</strong></span> 
     </span>
     <span class='ocr_line' id='line_1_25' title="bbox 148 3207 1198 3290; baseline 0.003 -20"><span class='ocrx_word' id='word_1_164' title='bbox 148 3212 270 3288; x_wconf 92' lang='lat' dir='ltr'><strong>cipatum</strong></span> <span class='ocrx_word' id='word_1_165' title='bbox 282 3229 372 3290; x_wconf 84' lang='lat' dir='ltr'><strong>usque</strong></span> <span class='ocrx_word' id='word_1_166' title='bbox 385 3212 538 3290; x_wconf 88' lang='lat' dir='ltr'><strong>processit.</strong></span> <span class='ocrx_word' id='word_1_167' title='bbox 562 3210 654 3287; x_wconf 79' lang='lat' dir='ltr'><strong>Polla,</strong></span> <span class='ocrx_word' id='word_1_168' title='bbox 667 3210 790 3270; x_wconf 90' lang='lat' dir='ltr'><strong>Nursiae</strong></span> <span class='ocrx_word' id='word_1_169' title='bbox 802 3212 924 3272; x_wconf 89' lang='lat' dir='ltr'><strong>honesto</strong></span> <span class='ocrx_word' id='word_1_170' title='bbox 936 3230 1046 3290; x_wconf 83' lang='lat' dir='ltr'><strong>genere</strong></span> <span class='ocrx_word' id='word_1_171' title='bbox 1061 3221 1138 3290; x_wconf 89' lang='lat' dir='ltr'><strong>orta,</strong></span> <span class='ocrx_word' id='word_1_172' title='bbox 1197 3207 1198 3264; x_wconf 49' lang='lat' dir='ltr'><strong>f</strong></span> 
     </span>
    </p>
   </div>
   <div class='ocr_carea' id='block_1_7' title="bbox 84 3293 1198 3540">
    <p class='ocr_par' dir='ltr' id='par_1_8' title="bbox 84 3293 1198 3540">
     <span class='ocr_line' id='line_1_26' title="bbox 147 3293 1198 3373; baseline 0.004 -21"><span class='ocrx_word' id='word_1_173' title='bbox 147 3302 257 3371; x_wconf 91' lang='lat' dir='ltr'><strong>patrem</strong></span> <span class='ocrx_word' id='word_1_174' title='bbox 277 3293 375 3355; x_wconf 92' lang='lat' dir='ltr'><strong>babuit</strong></span> <span class='ocrx_word' id='word_1_175' title='bbox 394 3296 567 3373; x_wconf 86' lang='lat' dir='ltr'><strong>Vespasium</strong></span> <span class='ocrx_word' id='word_1_176' title='bbox 588 3293 766 3370; x_wconf 82' lang='lat' dir='ltr'><strong>Pollionem,</strong></span> <span class='ocrx_word' id='word_1_177' title='bbox 790 3305 835 3356; x_wconf 92' lang='lat' dir='ltr'><strong>ter</strong></span> <span class='ocrx_word' id='word_1_178' title='bbox 854 3295 995 3356; x_wconf 88' lang='lat' dir='ltr'><strong>tribunum</strong></span> <span class='ocrx_word' id='word_1_179' title='bbox 1016 3296 1138 3356; x_wconf 91' lang='lat' dir='ltr'><strong>militum</strong></span> <span class='ocrx_word' id='word_1_180' title='bbox 1197 3307 1198 3366; x_wconf 68' lang='grc' dir='ltr'>ζ</span> 
     </span>
     <span class='ocr_line' id='line_1_27' title="bbox 147 3377 1198 3458; baseline 0.005 -25"><span class='ocrx_word' id='word_1_181' title='bbox 147 3377 383 3457; x_wconf 85' lang='lat' dir='ltr'><strong>praefectumque</strong></span> <span class='ocrx_word' id='word_1_182' title='bbox 399 3388 571 3455; x_wconf 81' lang='lat' dir='ltr'><strong>castrorum,</strong></span> <span class='ocrx_word' id='word_1_183' title='bbox 593 3378 711 3438; x_wconf 87' lang='lat' dir='ltr'><strong>fratrem</strong></span> <span class='ocrx_word' id='word_1_184' title='bbox 730 3388 891 3439; x_wconf 90' lang='lat' dir='ltr'><strong>senatorem</strong></span> <span class='ocrx_word' id='word_1_185' title='bbox 912 3382 1077 3458; x_wconf 86' lang='lat' dir='ltr'><strong>praetoriae</strong></span> <span class='ocrx_word' id='word_1_186' title='bbox 1094 3380 1174 3440; x_wconf 78' lang='lat' dir='ltr'><strong>dico</strong></span> <span class='ocrx_word' id='word_1_187' title='bbox 1197 3379 1198 3382; x_wconf 71' lang='grc'>’</span> 
     </span>
     <span class='ocr_line' id='line_1_28' title="bbox 84 3449 1198 3540; baseline 0.005 -25"><span class='ocrx_word' id='word_1_188' title='bbox 84 3465 87 3472; x_wconf 80' lang='grc'><em>’</em></span> <span class='ocrx_word' id='word_1_189' title='bbox 147 3458 272 3534; x_wconf 82' lang='lat' dir='ltr'><strong>gnitatis.</strong></span> <span class='ocrx_word' id='word_1_190' title='bbox 304 3459 396 3520; x_wconf 85' lang='lat' dir='ltr'><strong>Locus</strong></span> <span class='ocrx_word' id='word_1_191' title='bbox 413 3463 501 3523; x_wconf 89' lang='lat' dir='ltr'><strong>etiam</strong></span> <span class='ocrx_word' id='word_1_192' title='bbox 520 3460 557 3524; x_wconf 86' lang='lat' dir='ltr'><strong>ad</strong></span> <span class='ocrx_word' id='word_1_193' title='bbox 579 3471 690 3522; x_wconf 86' lang='lat' dir='ltr'><strong>sextum</strong></span> <span class='ocrx_word' id='word_1_194' title='bbox 709 3462 858 3523; x_wconf 88' lang='lat' dir='ltr'><strong>miliarium</strong></span> <span class='ocrx_word' id='word_1_195' title='bbox 877 3463 1014 3524; x_wconf 86' lang='lat' dir='ltr'><strong>aNursia</strong></span> <span class='ocrx_word' id='word_1_196' title='bbox 1031 3460 1139 3540; x_wconf 89' lang='lat' dir='ltr'><strong>Spole·</strong></span> <span class='ocrx_word' id='word_1_197' title='bbox 1197 3449 1198 3512; x_wconf 67' lang='grc' dir='ltr'>Ῐ</span> 
     </span>
    </p>
   </div>
   <div class='ocr_carea' id='block_1_8' title="bbox 0 0 1230 3910">
    <p class='ocr_par' dir='ltr' id='par_1_9' title="bbox 0 0 1230 3910">
     <span class='ocr_line' id='line_1_29' title="bbox 0 0 1230 3910; baseline 0 0"><span class='ocrx_word' id='word_1_198' title='bbox 0 0 1230 3910; x_wconf 95' lang='lat' dir='ltr'><strong> </strong></span> 
     </span>
    </p>
   </div>
  </div>
 </body>
</html>
