<?xml version="1.0" encoding="UTF-8"?>
<!DOCTYPE html PUBLIC "-//W3C//DTD XHTML 1.0 Transitional//EN"
    "http://www.w3.org/TR/xhtml1/DTD/xhtml1-transitional.dtd">
<html xmlns="http://www.w3.org/1999/xhtml" xml:lang="en" lang="en">
 <head>
  <title>
</title>
<meta http-equiv="Content-Type" content="text/html;charset=utf-8" />
  <meta name='ocr-system' content='tesseract 3.04.00' />
  <meta name='ocr-capabilities' content='ocr_page ocr_carea ocr_par ocr_line ocrx_word'/>
</head>
<body>
  <div class='ocr_page' id='page_1' title='image "./csuetonitranqui00suetgoog_0282.png"; bbox 0 0 2466 3896; ppageno 0'>
   <div class='ocr_carea' id='block_1_1' title="bbox 449 206 1097 268">
    <p class='ocr_par' dir='ltr' id='par_1_1' title="bbox 449 206 1097 268">
     <span class='ocr_line' id='line_1_1' title="bbox 449 206 1097 268; baseline 0.002 -4"><span class='ocrx_word' id='word_1_1' title='bbox 449 216 552 266; x_wconf 79' lang='lat' dir='ltr'><strong>arvos</strong></span> <span class='ocrx_word' id='word_1_2' title='bbox 569 216 751 268; x_wconf 71' lang='lat' dir='ltr'><strong>eunomus.</strong></span> <span class='ocrx_word' id='word_1_3' title='bbox 1035 206 1097 266; x_wconf 84' lang='lat'><strong>167</strong></span> 
     </span>
    </p>
   </div>
   <div class='ocr_carea' id='block_1_2' title="bbox 1 371 1209 3565">
    <p class='ocr_par' dir='ltr' id='par_1_2' title="bbox 1 312 1209 3565">
     <span class='ocr_line' id='line_1_2' title="bbox 102 371 1167 452; baseline -0.005 -14.51"><span class='ocrx_word' id='word_1_4' title='bbox 102 375 200 438; x_wconf 93' lang='lat' dir='ltr'><strong>adulto</strong></span> <span class='ocrx_word' id='word_1_5' title='bbox 217 375 273 434; x_wconf 89' lang='lat' dir='ltr'><strong>iam</strong></span> <span class='ocrx_word' id='word_1_6' title='bbox 296 373 354 433; x_wconf 90' lang='lat' dir='ltr'><strong>tilio</strong></span> <span class='ocrx_word' id='word_1_7' title='bbox 376 374 538 452; x_wconf 80' lang='lat' dir='ltr'><strong>privignum</strong></span> <span class='ocrx_word' id='word_1_8' title='bbox 560 371 724 449; x_wconf 87' lang='lat' dir='ltr'><strong>adoptaret,</strong></span> <span class='ocrx_word' id='word_1_9' title='bbox 747 371 900 432; x_wconf 83' lang='lat' dir='ltr'><strong>identidem</strong></span> <span class='ocrx_word' id='word_1_10' title='bbox 928 372 1096 451; x_wconf 81' lang='lat' dir='ltr'><strong>divulgavit,</strong></span> <span class='ocrx_word' id='word_1_11' title='bbox 1165 397 1167 404; x_wconf 61' lang='grc'>’</span> 
     </span>
     <span class='ocr_line' id='line_1_3' title="bbox 3 454 1094 538; baseline -0.005 -16"><span class='ocrx_word' id='word_1_12' title='bbox 3 469 4 472; x_wconf 76' lang='grc'>’</span> <span class='ocrx_word' id='word_1_13' title='bbox 101 459 248 522; x_wconf 82' lang='lat' dir='ltr'><strong>neminem</strong></span> <span class='ocrx_word' id='word_1_14' title='bbox 267 475 409 538; x_wconf 83' lang='lat' dir='ltr'><strong>umquam</strong></span> <span class='ocrx_word' id='word_1_15' title='bbox 424 475 483 535; x_wconf 82' lang='lat' dir='ltr'><strong>per</strong></span> <span class='ocrx_word' id='word_1_16' title='bbox 504 455 699 534; x_wconf 76' lang='lat' dir='ltr'><strong>adoptionem</strong></span> <span class='ocrx_word' id='word_1_17' title='bbox 711 454 854 533; x_wconf 75' lang='lat' dir='ltr'><strong>[omiliae</strong></span> <span class='ocrx_word' id='word_1_18' title='bbox 876 454 1029 517; x_wconf 76' lang='lat' dir='ltr'><strong><em>Claudiae</em></strong></span> <span class='ocrx_word' id='word_1_19' title='bbox 1049 458 1094 517; x_wconf 71' lang='grc' dir='ltr'><strong>ἑνι-</strong></span> 
     </span>
     <span class='ocr_line' id='line_1_4' title="bbox 102 549 225 604; baseline -0.024 0"><span class='ocrx_word' id='word_1_20' title='bbox 102 549 225 604; x_wconf 75' lang='lat' dir='ltr'><strong>sertum</strong></span> 
     </span>
     <span class='ocr_line' id='line_1_5' title="bbox 3 625 1141 704; baseline -0.005 -14"><span class='ocrx_word' id='word_1_21' title='bbox 3 625 28 690; x_wconf 61' lang='lat' dir='ltr'><strong>t*</strong></span> <span class='ocrx_word' id='word_1_22' title='bbox 164 627 313 686; x_wconf 84' lang='lat' dir='ltr'><strong>Sermonis</strong></span> <span class='ocrx_word' id='word_1_23' title='bbox 340 641 412 685; x_wconf 87' lang='lat' dir='ltr'><strong>vero</strong></span> <span class='ocrx_word' id='word_1_24' title='bbox 443 642 596 702; x_wconf 84' lang='lat' dir='ltr'>rerumque</span> <span class='ocrx_word' id='word_1_25' title='bbox 624 633 729 684; x_wconf 89' lang='lat' dir='ltr'><strong>tantam</strong></span> <span class='ocrx_word' id='word_1_26' title='bbox 762 643 851 704; x_wconf 81' lang='lat' dir='ltr'><strong>saepe</strong></span> <span class='ocrx_word' id='word_1_27' title='bbox 882 625 1141 703; x_wconf 74' lang='lat' dir='ltr'><strong>neglegentiamao</strong></span> 
     </span>
     <span class='ocr_line' id='line_1_6' title="bbox 78 699 1209 788; baseline -0.004 -16"><span class='ocrx_word' id='word_1_28' title='bbox 78 709 239 786; x_wconf 68' lang='lat' dir='ltr'><strong>sostendit,</strong></span> <span class='ocrx_word' id='word_1_29' title='bbox 254 718 285 770; x_wconf 92' lang='lat' dir='ltr'><strong>ut</strong></span> <span class='ocrx_word' id='word_1_30' title='bbox 302 727 357 768; x_wconf 91' lang='lat' dir='ltr'><strong>nec</strong></span> <span class='ocrx_word' id='word_1_31' title='bbox 376 710 439 787; x_wconf 72' lang='lat' dir='ltr'><strong>quis</strong></span> <span class='ocrx_word' id='word_1_32' title='bbox 454 725 510 767; x_wconf 93' lang='lat' dir='ltr'><strong>nec</strong></span> <span class='ocrx_word' id='word_1_33' title='bbox 524 710 598 767; x_wconf 89' lang='lat' dir='ltr'><strong>inter</strong></span> <span class='ocrx_word' id='word_1_34' title='bbox 614 726 705 787; x_wconf 93' lang='lat' dir='ltr'><strong>quos,</strong></span> <span class='ocrx_word' id='word_1_35' title='bbox 723 726 818 786; x_wconf 90' lang='lat' dir='ltr'><strong>quove</strong></span> <span class='ocrx_word' id='word_1_36' title='bbox 834 717 967 788; x_wconf 92' lang='lat' dir='ltr'><strong>tempore</strong></span> <span class='ocrx_word' id='word_1_37' title='bbox 979 727 1014 768; x_wconf 92' lang='lat' dir='ltr'><strong>ac</strong></span> <span class='ocrx_word' id='word_1_38' title='bbox 1028 709 1095 768; x_wconf 92' lang='lat' dir='ltr'><strong>loco</strong></span> <span class='ocrx_word' id='word_1_39' title='bbox 1132 699 1184 767; x_wconf 70' lang='lat' dir='ltr'><strong>et</strong></span> <span class='ocrx_word' id='word_1_40' title='bbox 1204 701 1209 760; x_wconf 76' lang='grc' dir='ltr'>ἶ</span> 
     </span>
     <span class='ocr_line' id='line_1_7' title="bbox 102 791 1097 871; baseline -0.003 -16"><span class='ocrx_word' id='word_1_41' title='bbox 102 815 139 856; x_wconf 91' lang='lat' dir='ltr'><strong>ve</strong></span> <span class='ocrx_word' id='word_1_42' title='bbox 155 794 192 854; x_wconf 91' lang='lat' dir='ltr'><strong>ba</strong></span> <span class='ocrx_word' id='word_1_43' title='bbox 217 794 345 871; x_wconf 88' lang='lat' dir='ltr'><strong>iaceret,</strong></span> <span class='ocrx_word' id='word_1_44' title='bbox 374 793 451 852; x_wconf 91' lang='lat' dir='ltr'><strong>scire</strong></span> <span class='ocrx_word' id='word_1_45' title='bbox 480 801 528 852; x_wconf 90' lang='lat' dir='ltr'><strong>aut</strong></span> <span class='ocrx_word' id='word_1_46' title='bbox 553 793 683 869; x_wconf 80' lang='lat' dir='ltr'><strong>cogitare</strong></span> <span class='ocrx_word' id='word_1_47' title='bbox 713 795 933 852; x_wconf 77' lang='lat' dir='ltr'><strong>existimaretur.</strong></span> <span class='ocrx_word' id='word_1_48' title='bbox 969 791 1038 852; x_wconf 86' lang='lat' dir='ltr'><strong>Cum</strong></span> <span class='ocrx_word' id='word_1_49' title='bbox 1061 793 1097 853; x_wconf 93' lang='lat' dir='ltr'><strong>de</strong></span> 
     </span>
     <span class='ocr_line' id='line_1_8' title="bbox 102 815 1115 960; baseline -0.003 -20"><span class='ocrx_word' id='word_1_50' title='bbox 102 815 184 945; x_wconf 75' lang='lat' dir='ltr'><strong>larhis</strong></span> <span class='ocrx_word' id='word_1_51' title='bbox 205 897 240 940; x_wconf 90' lang='lat' dir='ltr'><strong>ac</strong></span> <span class='ocrx_word' id='word_1_52' title='bbox 256 879 370 937; x_wconf 86' lang='lat' dir='ltr'><strong>vinariis</strong></span> <span class='ocrx_word' id='word_1_53' title='bbox 390 885 542 954; x_wconf 74' lang='lat' dir='ltr'>ageretur,</span> <span class='ocrx_word' id='word_1_54' title='bbox 566 876 737 938; x_wconf 83' lang='lat' dir='ltr'><strong>exclamarit</strong></span> <span class='ocrx_word' id='word_1_55' title='bbox 756 878 895 938; x_wconf 91' lang='lat' dir='ltr'><strong>incuria:</strong></span> <span class='ocrx_word' id='word_1_56' title='bbox 925 877 1013 956; x_wconf 76' lang='lat' dir='ltr'><strong>Rapo</strong></span> <span class='ocrx_word' id='word_1_57' title='bbox 1028 881 1115 960; x_wconf 55' lang='lat' dir='ltr'><strong>eosq</strong></span> 
     </span>
     <span class='ocr_line' id='line_1_9' title="bbox 2 958 1098 1044; baseline -0.005 -17"><span class='ocrx_word' id='word_1_58' title='bbox 2 975 26 1036; x_wconf 68' lang='lat' dir='ltr'><strong>[a</strong></span> <span class='ocrx_word' id='word_1_59' title='bbox 102 960 171 1044; x_wconf 78' lang='lat' dir='ltr'><strong>quis</strong></span> <span class='ocrx_word' id='word_1_60' title='bbox 187 969 292 1041; x_wconf 88' lang='lat' dir='ltr'><strong>potest</strong></span> <span class='ocrx_word' id='word_1_61' title='bbox 307 962 374 1022; x_wconf 79' lang='lat' dir='ltr'><strong>siae</strong></span> <span class='ocrx_word' id='word_1_62' title='bbox 394 958 489 1040; x_wconf 79' lang='lat' dir='ltr'><strong>offula</strong></span> <span class='ocrx_word' id='word_1_63' title='bbox 508 961 633 1020; x_wconf 81' lang='lat' dir='ltr'><strong>eicere?</strong></span> <span class='ocrx_word' id='word_1_64' title='bbox 664 961 879 1040; x_wconf 70' lang='lat' dir='ltr'><strong>descripsitque</strong></span> <span class='ocrx_word' id='word_1_65' title='bbox 899 960 1098 1021; x_wconf 81' lang='lat' dir='ltr'><strong>abundantiam</strong></span> 
     </span>
     <span class='ocr_line' id='line_1_10' title="bbox 104 1045 1098 1123; baseline -0.004 -17"><span class='ocrx_word' id='word_1_66' title='bbox 104 1057 232 1108; x_wconf 90' lang='lat' dir='ltr'><strong>veterum</strong></span> <span class='ocrx_word' id='word_1_67' title='bbox 249 1045 445 1122; x_wconf 88' lang='lat' dir='ltr'><strong>tabernarum,</strong></span> <span class='ocrx_word' id='word_1_68' title='bbox 468 1045 542 1104; x_wconf 89' lang='lat' dir='ltr'><strong>unde</strong></span> <span class='ocrx_word' id='word_1_69' title='bbox 558 1045 661 1105; x_wconf 87' lang='lat' dir='ltr'><strong>solitus</strong></span> <span class='ocrx_word' id='word_1_70' title='bbox 678 1054 757 1105; x_wconf 88' lang='lat' dir='ltr'><strong>esset</strong></span> <span class='ocrx_word' id='word_1_71' title='bbox 780 1047 874 1104; x_wconf 83' lang='lat' dir='ltr'><strong>vinum</strong></span> <span class='ocrx_word' id='word_1_72' title='bbox 896 1045 963 1104; x_wconf 93' lang='lat' dir='ltr'><strong>olim</strong></span> <span class='ocrx_word' id='word_1_73' title='bbox 985 1047 1098 1123; x_wconf 90' lang='lat' dir='ltr'><strong>etipse</strong></span> 
     </span>
     <span class='ocr_line' id='line_1_11' title="bbox 1 1127 1097 1212; baseline -0.003 -23"><span class='ocrx_word' id='word_1_74' title='bbox 1 1143 34 1211; x_wconf 63' lang='lat' dir='ltr'><strong>,ot</strong></span> <span class='ocrx_word' id='word_1_75' title='bbox 67 1147 93 1189; x_wconf 81' lang='lat' dir='ltr'><strong>ao</strong></span> <span class='ocrx_word' id='word_1_76' title='bbox 103 1141 214 1212; x_wconf 68' lang='lat' dir='ltr'><strong>petere.</strong></span> <span class='ocrx_word' id='word_1_77' title='bbox 236 1130 280 1190; x_wconf 92' lang='lat' dir='ltr'><strong>De</strong></span> <span class='ocrx_word' id='word_1_78' title='bbox 297 1138 468 1208; x_wconf 80' lang='lat' dir='ltr'><strong>quaesturae</strong></span> <span class='ocrx_word' id='word_1_79' title='bbox 484 1129 607 1207; x_wconf 90' lang='lat' dir='ltr'><strong>quodam</strong></span> <span class='ocrx_word' id='word_1_80' title='bbox 625 1129 775 1190; x_wconf 91' lang='lat' dir='ltr'><strong>candidato</strong></span> <span class='ocrx_word' id='word_1_81' title='bbox 789 1130 863 1188; x_wconf 89' lang='lat' dir='ltr'><strong>inter</strong></span> <span class='ocrx_word' id='word_1_82' title='bbox 879 1145 982 1188; x_wconf 82' lang='lat' dir='ltr'><strong>causas</strong></span> <span class='ocrx_word' id='word_1_83' title='bbox 997 1127 1097 1186; x_wconf 83' lang='lat' dir='ltr'><strong>suffra·</strong></span> 
     </span>
     <span class='ocr_line' id='line_1_12' title="bbox 102 1209 1100 1293; baseline -0.006 -17"><span class='ocrx_word' id='word_1_84' title='bbox 102 1217 228 1293; x_wconf 85' lang='lat' dir='ltr'><strong>gationis</strong></span> <span class='ocrx_word' id='word_1_85' title='bbox 247 1233 315 1274; x_wconf 90' lang='lat' dir='ltr'><strong>suae</strong></span> <span class='ocrx_word' id='word_1_86' title='bbox 332 1215 445 1292; x_wconf 85' lang='lat' dir='ltr'><strong>posuit,</strong></span> <span class='ocrx_word' id='word_1_87' title='bbox 472 1212 555 1292; x_wconf 85' lang='lat' dir='ltr'><strong>quod</strong></span> <span class='ocrx_word' id='word_1_88' title='bbox 566 1221 659 1290; x_wconf 84' lang='lat' dir='ltr'><strong>poter</strong></span> <span class='ocrx_word' id='word_1_89' title='bbox 673 1213 739 1274; x_wconf 78' lang='lat' dir='ltr'><strong>eius</strong></span> <span class='ocrx_word' id='word_1_90' title='bbox 751 1212 902 1291; x_wconf 68' lang='lat' dir='ltr'><strong>trepidant</strong></span> <span class='ocrx_word' id='word_1_91' title='bbox 920 1229 1015 1289; x_wconf 80' lang='lat' dir='ltr'><strong>aspro</strong></span> <span class='ocrx_word' id='word_1_92' title='bbox 1038 1209 1100 1270; x_wconf 82' lang='lat' dir='ltr'><strong>sttt</strong></span> 
     </span>
     <span class='ocr_line' id='line_1_13' title="bbox 102 1293 1099 1378; baseline -0.006 -18"><span class='ocrx_word' id='word_1_93' title='bbox 102 1299 278 1378; x_wconf 83' lang='lat' dir='ltr'><strong>tempestiue</strong></span> <span class='ocrx_word' id='word_1_94' title='bbox 299 1297 442 1357; x_wconf 80' lang='lat' dir='ltr'><strong>dedisset.</strong></span> <span class='ocrx_word' id='word_1_95' title='bbox 479 1295 598 1356; x_wconf 89' lang='lat' dir='ltr'><strong>inducta</strong></span> <span class='ocrx_word' id='word_1_96' title='bbox 618 1307 693 1357; x_wconf 90' lang='lat' dir='ltr'><strong>teste</strong></span> <span class='ocrx_word' id='word_1_97' title='bbox 714 1300 742 1355; x_wconf 94' lang='lat' dir='ltr'><strong>in</strong></span> <span class='ocrx_word' id='word_1_98' title='bbox 763 1304 881 1373; x_wconf 91' lang='lat' dir='ltr'><strong>senatu,</strong></span> <span class='ocrx_word' id='word_1_99' title='bbox 903 1293 991 1356; x_wconf 85' lang='lat' dir='ltr'><strong>llaec</strong></span> <span class='ocrx_word' id='word_1_100' title='bbox 1009 1296 1099 1373; x_wconf 88' lang='lat' dir='ltr'><strong>inquit</strong></span> 
     </span>
     <span class='ocr_line' id='line_1_14' title="bbox 101 1380 1098 1459; baseline -0.006 -15"><span class='ocrx_word' id='word_1_101' title='bbox 101 1383 212 1444; x_wconf 82' lang='lat' dir='ltr'><strong>matris</strong></span> <span class='ocrx_word' id='word_1_102' title='bbox 234 1400 320 1442; x_wconf 84' lang='lat' dir='ltr'><strong>meae</strong></span> <span class='ocrx_word' id='word_1_103' title='bbox 345 1380 457 1442; x_wconf 86' lang='lat' dir='ltr'><strong>liberto</strong></span> <span class='ocrx_word' id='word_1_104' title='bbox 482 1387 512 1439; x_wconf 85' lang='lat' dir='ltr'><strong>et</strong></span> <span class='ocrx_word' id='word_1_105' title='bbox 532 1381 676 1440; x_wconf 84' lang='lat' dir='ltr'><strong>oraotriac</strong></span> <span class='ocrx_word' id='word_1_106' title='bbox 692 1380 770 1459; x_wconf 77' lang='lat' dir='ltr'><strong>suit,</strong></span> <span class='ocrx_word' id='word_1_107' title='bbox 794 1381 851 1440; x_wconf 84' lang='lat' dir='ltr'><strong>sed</strong></span> <span class='ocrx_word' id='word_1_108' title='bbox 867 1398 914 1440; x_wconf 86' lang='lat' dir='ltr'><strong>me</strong></span> <span class='ocrx_word' id='word_1_109' title='bbox 934 1385 1098 1459; x_wconf 81' lang='lat' dir='ltr'><strong>patronum</strong></span> 
     </span>
     <span class='ocr_line' id='line_1_15' title="bbox 101 1461 1096 1545; baseline -0.007 -17"><span class='ocrx_word' id='word_1_110' title='bbox 101 1485 221 1545; x_wconf 80' lang='lat' dir='ltr'><strong>semper</strong></span> <span class='ocrx_word' id='word_1_111' title='bbox 237 1463 445 1535; x_wconf 56' lang='lat' dir='ltr'><strong>existimauit·</strong></span> <span class='ocrx_word' id='word_1_112' title='bbox 460 1463 518 1524; x_wconf 84' lang='lat' dir='ltr'><strong>boc</strong></span> <span class='ocrx_word' id='word_1_113' title='bbox 531 1464 601 1525; x_wconf 79' lang='lat' dir='ltr'><strong>ideo</strong></span> <span class='ocrx_word' id='word_1_114' title='bbox 619 1465 700 1541; x_wconf 78' lang='lat' dir='ltr'><strong>atet,</strong></span> <span class='ocrx_word' id='word_1_115' title='bbox 718 1465 801 1544; x_wconf 84' lang='lat' dir='ltr'><strong>quod</strong></span> <span class='ocrx_word' id='word_1_116' title='bbox 816 1465 941 1544; x_wconf 80' lang='lat' dir='ltr'><strong>quidam</strong></span> <span class='ocrx_word' id='word_1_117' title='bbox 955 1469 1027 1524; x_wconf 81' lang='lat' dir='ltr'><strong>sant</strong></span> <span class='ocrx_word' id='word_1_118' title='bbox 1041 1461 1096 1522; x_wconf 85' lang='lat' dir='ltr'><strong>od·</strong></span> 
     </span>
     <span class='ocr_line' id='line_1_16' title="bbox 68 1547 1099 1627; baseline -0.002 -20"><span class='ocrx_word' id='word_1_119' title='bbox 68 1552 161 1613; x_wconf 78' lang='lat' dir='ltr'><strong>tultae</strong></span> <span class='ocrx_word' id='word_1_120' title='bbox 173 1550 206 1611; x_wconf 80' lang='lat' dir='ltr'><strong>io</strong></span> <span class='ocrx_word' id='word_1_121' title='bbox 220 1549 310 1611; x_wconf 86' lang='lat' dir='ltr'><strong>domo</strong></span> <span class='ocrx_word' id='word_1_122' title='bbox 329 1566 413 1624; x_wconf 84' lang='lat' dir='ltr'><strong>mea,</strong></span> <span class='ocrx_word' id='word_1_123' title='bbox 438 1547 490 1627; x_wconf 79' lang='lat' dir='ltr'><strong>qui</strong></span> <span class='ocrx_word' id='word_1_124' title='bbox 509 1567 555 1608; x_wconf 87' lang='lat' dir='ltr'><strong>me</strong></span> <span class='ocrx_word' id='word_1_125' title='bbox 570 1556 737 1627; x_wconf 83' lang='lat' dir='ltr'><strong>patronem</strong></span> <span class='ocrx_word' id='word_1_126' title='bbox 757 1568 819 1611; x_wconf 80' lang='lat' dir='ltr'><strong>aaa</strong></span> <span class='ocrx_word' id='word_1_127' title='bbox 838 1555 957 1627; x_wconf 83' lang='lat' dir='ltr'><strong>putant.</strong></span> <span class='ocrx_word' id='word_1_128' title='bbox 994 1547 1099 1606; x_wconf 89' lang='lat' dir='ltr'><strong>Sedet</strong></span> 
     </span>
     <span class='ocr_line' id='line_1_17' title="bbox 102 1631 1115 1716; baseline -0.004 -22"><span class='ocrx_word' id='word_1_129' title='bbox 102 1652 157 1716; x_wconf 94' lang='lat' dir='ltr'><strong>pro</strong></span> <span class='ocrx_word' id='word_1_130' title='bbox 174 1633 324 1711; x_wconf 90' lang='lat' dir='ltr'><strong>tribunali,</strong></span> <span class='ocrx_word' id='word_1_131' title='bbox 350 1631 531 1694; x_wconf 81' lang='lat' dir='ltr'><strong>Ostiensibus</strong></span> <span class='ocrx_word' id='word_1_132' title='bbox 553 1634 685 1712; x_wconf 84' lang='lat' dir='ltr'><strong>quiddam</strong></span> <span class='ocrx_word' id='word_1_133' title='bbox 706 1634 823 1713; x_wconf 89' lang='lat' dir='ltr'><strong>publice</strong></span> <span class='ocrx_word' id='word_1_134' title='bbox 846 1633 1010 1710; x_wconf 89' lang='lat' dir='ltr'><strong>orantibus,</strong></span> <span class='ocrx_word' id='word_1_135' title='bbox 1034 1649 1115 1692; x_wconf 70' lang='lat' dir='ltr'><strong>eum,</strong></span> 
     </span>
     <span class='ocr_line' id='line_1_18' title="bbox 104 1715 1099 1798; baseline -0.003 -20"><span class='ocrx_word' id='word_1_136' title='bbox 104 1717 325 1796; x_wconf 85' lang='lat' dir='ltr'><strong>excanduisset,</strong></span> <span class='ocrx_word' id='word_1_137' title='bbox 348 1716 424 1778; x_wconf 76' lang='lat' dir='ltr'><strong>ctttt</strong></span> <span class='ocrx_word' id='word_1_138' title='bbox 445 1715 562 1778; x_wconf 68' lang='lat' dir='ltr'><strong>babae</strong></span> <span class='ocrx_word' id='word_1_139' title='bbox 582 1737 616 1779; x_wconf 85' lang='lat' dir='ltr'><strong>se</strong></span> <span class='ocrx_word' id='word_1_140' title='bbox 643 1719 821 1779; x_wconf 79' lang='lat' dir='ltr'><strong>vociferatus</strong></span> <span class='ocrx_word' id='word_1_141' title='bbox 842 1728 902 1795; x_wconf 85' lang='lat' dir='ltr'><strong>est,</strong></span> <span class='ocrx_word' id='word_1_142' title='bbox 923 1734 1022 1798; x_wconf 82' lang='lat' dir='ltr'><strong>quare</strong></span> <span class='ocrx_word' id='word_1_143' title='bbox 1045 1733 1099 1777; x_wconf 86' lang='lat' dir='ltr'><strong>eos</strong></span> 
     </span>
     <span class='ocr_line' id='line_1_19' title="bbox 104 1800 1098 1881; baseline -0.005 -18"><span class='ocrx_word' id='word_1_144' title='bbox 104 1802 296 1863; x_wconf 83' lang='lat' dir='ltr'><strong>demereatur</strong></span> <span class='ocrx_word' id='word_1_145' title='bbox 302 1827 317 1873; x_wconf 89' lang='lat'><strong>‚·</strong></span> <span class='ocrx_word' id='word_1_146' title='bbox 332 1802 362 1862; x_wconf 84' lang='lat' dir='ltr'><strong>si</strong></span> <span class='ocrx_word' id='word_1_147' title='bbox 375 1819 462 1881; x_wconf 83' lang='lat' dir='ltr'><strong>quem</strong></span> <span class='ocrx_word' id='word_1_148' title='bbox 477 1801 588 1878; x_wconf 83' lang='lat' dir='ltr'><strong>olium,</strong></span> <span class='ocrx_word' id='word_1_149' title='bbox 612 1810 642 1863; x_wconf 92' lang='lat' dir='ltr'><strong>et</strong></span> <span class='ocrx_word' id='word_1_150' title='bbox 655 1820 689 1863; x_wconf 91' lang='lat' dir='ltr'><strong>se</strong></span> <span class='ocrx_word' id='word_1_151' title='bbox 710 1801 839 1863; x_wconf 83' lang='lat' dir='ltr'><strong>liberum</strong></span> <span class='ocrx_word' id='word_1_152' title='bbox 856 1820 933 1863; x_wconf 83' lang='lat' dir='ltr'><strong>esce.</strong></span> <span class='ocrx_word' id='word_1_153' title='bbox 961 1801 1034 1862; x_wconf 89' lang='lat' dir='ltr'><strong>Nam</strong></span> <span class='ocrx_word' id='word_1_154' title='bbox 1049 1800 1098 1859; x_wconf 93' lang='lat' dir='ltr'><strong>illa</strong></span> 
     </span>
     <span class='ocr_line' id='line_1_20' title="bbox 103 1885 1098 1964; baseline -0.003 -18"><span class='ocrx_word' id='word_1_155' title='bbox 103 1889 165 1947; x_wconf 89' lang='lat' dir='ltr'><strong>eius</strong></span> <span class='ocrx_word' id='word_1_156' title='bbox 195 1885 337 1946; x_wconf 90' lang='lat' dir='ltr'><strong>cotidiana</strong></span> <span class='ocrx_word' id='word_1_157' title='bbox 363 1894 392 1945; x_wconf 89' lang='lat' dir='ltr'><strong>et</strong></span> <span class='ocrx_word' id='word_1_158' title='bbox 418 1885 503 1964; x_wconf 93' lang='lat' dir='ltr'><strong>plane</strong></span> <span class='ocrx_word' id='word_1_159' title='bbox 532 1887 654 1946; x_wconf 90' lang='lat' dir='ltr'><strong>omnium</strong></span> <span class='ocrx_word' id='word_1_160' title='bbox 676 1886 812 1946; x_wconf 90' lang='lat' dir='ltr'><strong>horarum</strong></span> <span class='ocrx_word' id='word_1_161' title='bbox 839 1895 869 1946; x_wconf 91' lang='lat' dir='ltr'><strong>et</strong></span> <span class='ocrx_word' id='word_1_162' title='bbox 891 1894 1098 1946; x_wconf 85' lang='lat' dir='ltr'><strong>momentorum</strong></span> 
     </span>
     <span class='ocr_line' id='line_1_21' title="bbox 67 1959 1096 2048; baseline -0.001 -22"><span class='ocrx_word' id='word_1_163' title='bbox 67 1978 199 2031; x_wconf 80' lang='lat' dir='ltr'><strong>socrant:</strong></span> <span class='ocrx_word' id='word_1_164' title='bbox 221 1967 316 2046; x_wconf 78' lang='lat' dir='ltr'><strong>octe,</strong></span> <span class='ocrx_word' id='word_1_165' title='bbox 336 1986 392 2047; x_wconf 80' lang='lat' dir='ltr'><strong>epo</strong></span> <span class='ocrx_word' id='word_1_166' title='bbox 408 1967 463 2028; x_wconf 74' lang='lat' dir='ltr'><strong>titt</strong></span> <span class='ocrx_word' id='word_1_167' title='bbox 488 1967 665 2048; x_wconf 79' lang='lat' dir='ltr'><strong>Telepeaius</strong></span> <span class='ocrx_word' id='word_1_168' title='bbox 685 1969 817 2030; x_wconf 79' lang='lat' dir='ltr'><strong>videor?</strong></span> <span class='ocrx_word' id='word_1_169' title='bbox 844 1978 873 2028; x_wconf 90' lang='lat' dir='ltr'><strong>et</strong></span> <span class='ocrx_word' id='word_1_170' title='bbox 894 1961 1015 2046; x_wconf 77' lang='grc' dir='ltr'><em>Λάλει,</em></span> <span class='ocrx_word' id='word_1_171' title='bbox 1043 1959 1096 2028; x_wconf 74' lang='grc' dir='ltr'><strong>καὶ</strong></span> 
     </span>
     <span class='ocr_line' id='line_1_22' title="bbox 102 2043 1099 2134; baseline -0.004 -20"><span class='ocrx_word' id='word_1_172' title='bbox 102 2043 146 2134; x_wconf 83' lang='grc' dir='ltr'><strong>μὴ</strong></span> <span class='ocrx_word' id='word_1_173' title='bbox 161 2052 321 2133; x_wconf 67' lang='grc' dir='ltr'><strong>θίγγανε]</strong></span> <span class='ocrx_word' id='word_1_174' title='bbox 341 2052 485 2130; x_wconf 90' lang='lat' dir='ltr'><strong>multaque</strong></span> <span class='ocrx_word' id='word_1_175' title='bbox 500 2054 568 2114; x_wconf 90' lang='lat' dir='ltr'><strong>talia</strong></span> <span class='ocrx_word' id='word_1_176' title='bbox 584 2056 669 2114; x_wconf 89' lang='lat' dir='ltr'><strong>etiam</strong></span> <span class='ocrx_word' id='word_1_177' title='bbox 684 2055 804 2132; x_wconf 89' lang='lat' dir='ltr'><strong>privatis</strong></span> <span class='ocrx_word' id='word_1_178' title='bbox 821 2052 978 2130; x_wconf 79' lang='lat' dir='ltr'><strong>deformia,</strong></span> <span class='ocrx_word' id='word_1_179' title='bbox 995 2050 1099 2111; x_wconf 91' lang='lat' dir='ltr'><strong>nedum</strong></span> 
     </span>
     <span class='ocr_line' id='line_1_23' title="bbox 102 2135 1098 2218; baseline -0.002 -20"><span class='ocrx_word' id='word_1_180' title='bbox 102 2140 242 2218; x_wconf 81' lang='lat' dir='ltr'><strong>principi,</strong></span> <span class='ocrx_word' id='word_1_181' title='bbox 263 2155 356 2216; x_wconf 90' lang='lat' dir='ltr'><strong>neque</strong></span> <span class='ocrx_word' id='word_1_182' title='bbox 372 2135 526 2196; x_wconf 86' lang='lat' dir='ltr'><strong>infacundo</strong></span> <span class='ocrx_word' id='word_1_183' title='bbox 541 2155 637 2214; x_wconf 88' lang='lat' dir='ltr'><strong>neque</strong></span> <span class='ocrx_word' id='word_1_184' title='bbox 651 2136 786 2215; x_wconf 92' lang='lat' dir='ltr'><strong>indocto,</strong></span> <span class='ocrx_word' id='word_1_185' title='bbox 810 2139 894 2196; x_wconf 92' lang='lat' dir='ltr'><strong>immo</strong></span> <span class='ocrx_word' id='word_1_186' title='bbox 911 2139 995 2196; x_wconf 89' lang='lat' dir='ltr'><strong>etiam</strong></span> <span class='ocrx_word' id='word_1_187' title='bbox 1010 2136 1098 2216; x_wconf 91' lang='lat' dir='ltr'><strong>perti·</strong></span> 
     </span>
     <span class='ocr_line' id='line_1_24' title="bbox 103 2219 636 2283; baseline -0.002 -2"><span class='ocrx_word' id='word_1_188' title='bbox 103 2223 213 2283; x_wconf 90' lang='lat' dir='ltr'><strong>naciter</strong></span> <span class='ocrx_word' id='word_1_189' title='bbox 227 2220 396 2282; x_wconf 88' lang='lat' dir='ltr'><strong>liberalibus</strong></span> <span class='ocrx_word' id='word_1_190' title='bbox 413 2219 513 2280; x_wconf 88' lang='lat' dir='ltr'><strong>studiis</strong></span> <span class='ocrx_word' id='word_1_191' title='bbox 529 2220 636 2280; x_wconf 90' lang='lat' dir='ltr'><strong>dedito.</strong></span> 
     </span>
     <span class='ocr_line' id='line_1_25' title="bbox 1 2281 1139 2430; baseline -0.007 -62"><span class='ocrx_word' id='word_1_192' title='bbox 1 2281 60 2430; x_wconf 40' lang='lat' dir='ltr'><strong>dp</strong></span> <span class='ocrx_word' id='word_1_193' title='bbox 162 2306 317 2367; x_wconf 86' lang='lat' dir='ltr'><strong>Historiam</strong></span> <span class='ocrx_word' id='word_1_194' title='bbox 338 2309 368 2365; x_wconf 93' lang='lat' dir='ltr'><strong>in</strong></span> <span class='ocrx_word' id='word_1_195' title='bbox 391 2305 604 2384; x_wconf 89' lang='lat' dir='ltr'><strong>adulescentia,</strong></span> <span class='ocrx_word' id='word_1_196' title='bbox 629 2305 762 2366; x_wconf 88' lang='lat' dir='ltr'><strong>hortante</strong></span> <span class='ocrx_word' id='word_1_197' title='bbox 784 2305 818 2365; x_wconf 88' lang='grc' dir='ltr'><strong>Τ.</strong></span> <span class='ocrx_word' id='word_1_198' title='bbox 840 2303 939 2382; x_wconf 89' lang='lat' dir='ltr'><strong>Livio,</strong></span> <span class='ocrx_word' id='word_1_199' title='bbox 967 2303 1139 2383; x_wconf 71' lang='lat' dir='ltr'><strong>Sulpicioll</strong></span> 
     </span>
     <span class='ocr_line' id='line_1_26' title="bbox 42 2387 1098 2468; baseline -0.005 -17"><span class='ocrx_word' id='word_1_200' title='bbox 42 2431 45 2442; x_wconf 82' lang='lat'>·</span> <span class='ocrx_word' id='word_1_201' title='bbox 68 2412 93 2452; x_wconf 77' lang='lat' dir='ltr'><strong>aa</strong></span> <span class='ocrx_word' id='word_1_202' title='bbox 104 2407 175 2451; x_wconf 89' lang='lat' dir='ltr'><strong>vero</strong></span> <span class='ocrx_word' id='word_1_203' title='bbox 191 2390 282 2451; x_wconf 85' lang='lat' dir='ltr'><strong>Flavo</strong></span> <span class='ocrx_word' id='word_1_204' title='bbox 301 2392 385 2450; x_wconf 90' lang='lat' dir='ltr'><strong>etiam</strong></span> <span class='ocrx_word' id='word_1_205' title='bbox 401 2389 567 2468; x_wconf 85' lang='lat' dir='ltr'><strong>adiuvante,</strong></span> <span class='ocrx_word' id='word_1_206' title='bbox 587 2390 717 2450; x_wconf 89' lang='lat' dir='ltr'><strong>scribere</strong></span> <span class='ocrx_word' id='word_1_207' title='bbox 733 2389 891 2466; x_wconf 85' lang='lat' dir='ltr'><strong>adgressus</strong></span> <span class='ocrx_word' id='word_1_208' title='bbox 907 2397 960 2449; x_wconf 90' lang='lat' dir='ltr'><strong>est.</strong></span> <span class='ocrx_word' id='word_1_209' title='bbox 979 2387 1017 2450; x_wconf 86' lang='lat' dir='ltr'><strong>Et</strong></span> <span class='ocrx_word' id='word_1_210' title='bbox 1035 2405 1098 2447; x_wconf 92' lang='lat' dir='ltr'><strong>oum</strong></span> 
     </span>
     <span class='ocr_line' id='line_1_27' title="bbox 104 2472 1097 2555; baseline -0.003 -22"><span class='ocrx_word' id='word_1_211' title='bbox 104 2476 223 2555; x_wconf 92' lang='lat' dir='ltr'><strong>primum</strong></span> <span class='ocrx_word' id='word_1_212' title='bbox 248 2474 393 2553; x_wconf 89' lang='lat' dir='ltr'><strong>frequenti</strong></span> <span class='ocrx_word' id='word_1_213' title='bbox 425 2473 564 2535; x_wconf 90' lang='lat' dir='ltr'><strong>auditorio</strong></span> <span class='ocrx_word' id='word_1_214' title='bbox 597 2475 803 2551; x_wconf 88' lang='lat' dir='ltr'><strong>commisisset,</strong></span> <span class='ocrx_word' id='word_1_215' title='bbox 843 2493 931 2551; x_wconf 82' lang='lat' dir='ltr'><strong>aegre</strong></span> <span class='ocrx_word' id='word_1_216' title='bbox 961 2472 1097 2552; x_wconf 80' lang='lat' dir='ltr'><strong>perlegit,</strong></span> 
     </span>
     <span class='ocr_line' id='line_1_28' title="bbox 103 2557 1097 2638; baseline -0.003 -20"><span class='ocrx_word' id='word_1_217' title='bbox 103 2557 294 2636; x_wconf 80' lang='lat' dir='ltr'><strong>refrigeratus</strong></span> <span class='ocrx_word' id='word_1_218' title='bbox 310 2577 399 2637; x_wconf 92' lang='lat' dir='ltr'><strong>saepe</strong></span> <span class='ocrx_word' id='word_1_219' title='bbox 414 2577 431 2619; x_wconf 93' lang='lat' dir='ltr'><strong>a</strong></span> <span class='ocrx_word' id='word_1_220' title='bbox 446 2567 537 2618; x_wconf 88' lang='lat' dir='ltr'><strong>semet</strong></span> <span class='ocrx_word' id='word_1_221' title='bbox 552 2559 626 2638; x_wconf 91' lang='lat' dir='ltr'><strong>ipso.</strong></span> <span class='ocrx_word' id='word_1_222' title='bbox 649 2559 721 2618; x_wconf 91' lang='lat' dir='ltr'><strong>Nam</strong></span> <span class='ocrx_word' id='word_1_223' title='bbox 734 2577 797 2618; x_wconf 93' lang='lat' dir='ltr'><strong>cum</strong></span> <span class='ocrx_word' id='word_1_224' title='bbox 813 2559 893 2618; x_wconf 91' lang='lat' dir='ltr'><strong>initio</strong></span> <span class='ocrx_word' id='word_1_225' title='bbox 908 2557 1097 2633; x_wconf 90' lang='lat' dir='ltr'><strong>recitationis,</strong></span> 
     </span>
     <span class='ocr_line' id='line_1_29' title="bbox 13 2640 1098 2722; baseline -0.003 -20"><span class='ocrx_word' id='word_1_226' title='bbox 13 2665 18 2680; x_wconf 84' lang='lat'>‚</span> <span class='ocrx_word' id='word_1_227' title='bbox 104 2641 241 2703; x_wconf 87' lang='lat' dir='ltr'><strong>defractis</strong></span> <span class='ocrx_word' id='word_1_228' title='bbox 270 2642 465 2722; x_wconf 86' lang='lat' dir='ltr'><strong>compluribus</strong></span> <span class='ocrx_word' id='word_1_229' title='bbox 492 2643 627 2703; x_wconf 91' lang='lat' dir='ltr'><strong>subsellis</strong></span> <span class='ocrx_word' id='word_1_230' title='bbox 652 2643 796 2704; x_wconf 90' lang='lat' dir='ltr'><strong>obesitate</strong></span> <span class='ocrx_word' id='word_1_231' title='bbox 830 2640 989 2719; x_wconf 88' lang='lat' dir='ltr'><strong>cuiusdam,</strong></span> <span class='ocrx_word' id='word_1_232' title='bbox 1023 2642 1098 2700; x_wconf 93' lang='lat' dir='ltr'><strong>risus</strong></span> 
     </span>
     <span class='ocr_line' id='line_1_30' title="bbox 105 2726 1098 2805; baseline -0.003 -19"><span class='ocrx_word' id='word_1_233' title='bbox 105 2735 223 2787; x_wconf 82' lang='lat' dir='ltr'><strong>exortus</strong></span> <span class='ocrx_word' id='word_1_234' title='bbox 238 2734 333 2804; x_wconf 89' lang='lat' dir='ltr'><strong>esset,</strong></span> <span class='ocrx_word' id='word_1_235' title='bbox 353 2745 390 2786; x_wconf 92' lang='lat' dir='ltr'><strong>ne</strong></span> <span class='ocrx_word' id='word_1_236' title='bbox 412 2726 512 2787; x_wconf 88' lang='lat' dir='ltr'><strong>sedato</strong></span> <span class='ocrx_word' id='word_1_237' title='bbox 537 2727 650 2805; x_wconf 91' lang='lat' dir='ltr'><strong>quidem</strong></span> <span class='ocrx_word' id='word_1_238' title='bbox 670 2728 789 2788; x_wconf 91' lang='lat' dir='ltr'><strong>tumultu</strong></span> <span class='ocrx_word' id='word_1_239' title='bbox 810 2736 973 2805; x_wconf 89' lang='lat' dir='ltr'><strong>temperare</strong></span> <span class='ocrx_word' id='word_1_240' title='bbox 996 2726 1098 2803; x_wconf 91' lang='lat' dir='ltr'><strong>potuit,</strong></span> 
     </span>
     <span class='ocr_line' id='line_1_31' title="bbox 68 2809 1100 2890; baseline 0.003 -26"><span class='ocrx_word' id='word_1_241' title='bbox 68 2823 95 2864; x_wconf 78' lang='lat' dir='ltr'><strong>ao</strong></span> <span class='ocrx_word' id='word_1_242' title='bbox 106 2810 172 2890; x_wconf 92' lang='lat' dir='ltr'><strong>quin</strong></span> <span class='ocrx_word' id='word_1_243' title='bbox 187 2830 224 2871; x_wconf 86' lang='lat' dir='ltr'><strong>ex</strong></span> <span class='ocrx_word' id='word_1_244' title='bbox 238 2810 391 2870; x_wconf 88' lang='lat' dir='ltr'><strong>intervallo</strong></span> <span class='ocrx_word' id='word_1_245' title='bbox 409 2811 528 2871; x_wconf 89' lang='lat' dir='ltr'><strong>subinde</strong></span> <span class='ocrx_word' id='word_1_246' title='bbox 543 2811 611 2872; x_wconf 85' lang='lat' dir='ltr'><strong>iacti</strong></span> <span class='ocrx_word' id='word_1_247' title='bbox 626 2813 865 2871; x_wconf 87' lang='lat' dir='ltr'><strong>&#39;reminisceretur</strong></span> <span class='ocrx_word' id='word_1_248' title='bbox 884 2809 1100 2888; x_wconf 86' lang='lat' dir='ltr'><strong>cachinnosque</strong></span> 
     </span>
     <span class='ocr_line' id='line_1_32' title="bbox 103 2894 1099 2974; baseline -0.004 -20"><span class='ocrx_word' id='word_1_249' title='bbox 103 2904 267 2956; x_wconf 90' lang='lat' dir='ltr'><strong>revocaret.</strong></span> <span class='ocrx_word' id='word_1_250' title='bbox 307 2894 339 2955; x_wconf 93' lang='lat' dir='ltr'><strong>ln</strong></span> <span class='ocrx_word' id='word_1_251' title='bbox 367 2895 528 2974; x_wconf 89' lang='lat' dir='ltr'><strong>principatu</strong></span> <span class='ocrx_word' id='word_1_252' title='bbox 556 2913 672 2974; x_wconf 91' lang='lat' dir='ltr'><strong>quoque</strong></span> <span class='ocrx_word' id='word_1_253' title='bbox 698 2905 727 2955; x_wconf 94' lang='lat' dir='ltr'><strong>et</strong></span> <span class='ocrx_word' id='word_1_254' title='bbox 753 2896 871 2974; x_wconf 86' lang='lat' dir='ltr'><strong>scripsit</strong></span> <span class='ocrx_word' id='word_1_255' title='bbox 897 2894 1047 2973; x_wconf 87' lang='lat' dir='ltr'><strong>plurimum</strong></span> <span class='ocrx_word' id='word_1_256' title='bbox 1070 2899 1099 2951; x_wconf 92' lang='lat' dir='ltr'><strong>et</strong></span> 
     </span>
     <span class='ocr_line' id='line_1_33' title="bbox 8 2977 1098 3064; baseline -0.005 -25"><span class='ocrx_word' id='word_1_257' title='bbox 8 3009 51 3064; x_wconf 50' lang='lat' dir='ltr'><strong>,p</strong></span> <span class='ocrx_word' id='word_1_258' title='bbox 68 2980 219 3054; x_wconf 56' lang='lat' dir='ltr'><strong>*cassidus</strong></span> <span class='ocrx_word' id='word_1_259' title='bbox 229 2981 361 3039; x_wconf 88' lang='lat' dir='ltr'><strong>recitavit</strong></span> <span class='ocrx_word' id='word_1_260' title='bbox 372 2998 425 3059; x_wconf 90' lang='lat' dir='ltr'><strong>per</strong></span> <span class='ocrx_word' id='word_1_261' title='bbox 437 2978 588 3055; x_wconf 62' lang='lat' dir='ltr'><strong>lectorem]</strong></span> <span class='ocrx_word' id='word_1_262' title='bbox 602 2978 713 3039; x_wconf 91' lang='lat' dir='ltr'><strong>Initium</strong></span> <span class='ocrx_word' id='word_1_263' title='bbox 725 2988 819 3040; x_wconf 88' lang='lat' dir='ltr'><strong>autem</strong></span> <span class='ocrx_word' id='word_1_264' title='bbox 830 2979 950 3057; x_wconf 89' lang='lat' dir='ltr'><strong>sumpsit</strong></span> <span class='ocrx_word' id='word_1_265' title='bbox 962 2977 1098 3036; x_wconf 92' lang='lat' dir='ltr'><strong>historiae</strong></span> 
     </span>
     <span class='ocr_line' id='line_1_34' title="bbox 104 3060 1099 3142; baseline -0.007 -18"><span class='ocrx_word' id='word_1_266' title='bbox 104 3073 171 3142; x_wconf 91' lang='lat' dir='ltr'><strong>post</strong></span> <span class='ocrx_word' id='word_1_267' title='bbox 187 3063 305 3124; x_wconf 88' lang='lat' dir='ltr'><strong>caedem</strong></span> <span class='ocrx_word' id='word_1_268' title='bbox 321 3060 456 3124; x_wconf 82' lang='lat' dir='ltr'><strong>Caesaris</strong></span> <span class='ocrx_word' id='word_1_269' title='bbox 473 3063 636 3141; x_wconf 87' lang='lat' dir='ltr'><strong>dictatoris,</strong></span> <span class='ocrx_word' id='word_1_270' title='bbox 660 3063 713 3123; x_wconf 92' lang='lat' dir='ltr'><strong>sed</strong></span> <span class='ocrx_word' id='word_1_271' title='bbox 735 3073 764 3124; x_wconf 92' lang='lat' dir='ltr'><strong>et</strong></span> <span class='ocrx_word' id='word_1_272' title='bbox 785 3063 896 3123; x_wconf 89' lang='lat' dir='ltr'><strong>transiit</strong></span> <span class='ocrx_word' id='word_1_273' title='bbox 911 3060 946 3121; x_wconf 94' lang='lat' dir='ltr'><strong>ad</strong></span> <span class='ocrx_word' id='word_1_274' title='bbox 960 3060 1099 3120; x_wconf 82' lang='lat' dir='ltr'><strong>inferiora</strong></span> 
     </span>
     <span class='ocr_line' id='line_1_35' title="bbox 104 3141 1098 3228; baseline -0.006 -20"><span class='ocrx_word' id='word_1_275' title='bbox 104 3157 235 3228; x_wconf 88' lang='lat' dir='ltr'><strong>tempora</strong></span> <span class='ocrx_word' id='word_1_276' title='bbox 251 3149 406 3226; x_wconf 91' lang='lat' dir='ltr'><strong>coepitque</strong></span> <span class='ocrx_word' id='word_1_277' title='bbox 422 3166 439 3208; x_wconf 90' lang='lat' dir='ltr'><strong>a</strong></span> <span class='ocrx_word' id='word_1_278' title='bbox 460 3166 534 3227; x_wconf 91' lang='lat' dir='ltr'><strong>pace</strong></span> <span class='ocrx_word' id='word_1_279' title='bbox 550 3148 644 3225; x_wconf 85' lang='lat' dir='ltr'><strong>cirili,</strong></span> <span class='ocrx_word' id='word_1_280' title='bbox 667 3166 731 3207; x_wconf 88' lang='lat' dir='ltr'><strong>cum</strong></span> <span class='ocrx_word' id='word_1_281' title='bbox 753 3149 874 3208; x_wconf 88' lang='lat' dir='ltr'><strong>sentiret</strong></span> <span class='ocrx_word' id='word_1_282' title='bbox 895 3163 988 3224; x_wconf 89' lang='lat' dir='ltr'><strong>neque</strong></span> <span class='ocrx_word' id='word_1_283' title='bbox 1005 3141 1098 3204; x_wconf 91' lang='lat' dir='ltr'><strong>libere</strong></span> 
     </span>
     <span class='ocr_line' id='line_1_36' title="bbox 69 3228 1097 3311; baseline 0.002 -25"><span class='ocrx_word' id='word_1_284' title='bbox 69 3243 95 3286; x_wconf 79' lang='lat' dir='ltr'><strong>as</strong></span> <span class='ocrx_word' id='word_1_285' title='bbox 106 3250 202 3311; x_wconf 88' lang='lat' dir='ltr'><strong>neque</strong></span> <span class='ocrx_word' id='word_1_286' title='bbox 214 3249 285 3291; x_wconf 86' lang='lat' dir='ltr'><strong>vere</strong></span> <span class='ocrx_word' id='word_1_287' title='bbox 300 3231 354 3291; x_wconf 87' lang='lat' dir='ltr'><strong>sibi</strong></span> <span class='ocrx_word' id='word_1_288' title='bbox 370 3231 405 3291; x_wconf 91' lang='lat' dir='ltr'><strong>de</strong></span> <span class='ocrx_word' id='word_1_289' title='bbox 419 3232 617 3310; x_wconf 90' lang='lat' dir='ltr'><strong>superioribus</strong></span> <span class='ocrx_word' id='word_1_290' title='bbox 631 3231 759 3293; x_wconf 92' lang='lat' dir='ltr'><strong>tradendi</strong></span> <span class='ocrx_word' id='word_1_291' title='bbox 772 3239 946 3310; x_wconf 89' lang='lat' dir='ltr'><strong>potestatem</strong></span> <span class='ocrx_word' id='word_1_292' title='bbox 958 3228 1097 3305; x_wconf 89' lang='lat' dir='ltr'><strong>relictam,</strong></span> 
     </span>
     <span class='ocr_line' id='line_1_37' title="bbox 107 3312 1097 3395; baseline -0.003 -20"><span class='ocrx_word' id='word_1_293' title='bbox 107 3325 258 3395; x_wconf 90' lang='lat' dir='ltr'><strong>correptus</strong></span> <span class='ocrx_word' id='word_1_294' title='bbox 278 3333 367 3394; x_wconf 88' lang='lat' dir='ltr'><strong>saepe</strong></span> <span class='ocrx_word' id='word_1_295' title='bbox 385 3324 414 3376; x_wconf 88' lang='lat' dir='ltr'><strong>et</strong></span> <span class='ocrx_word' id='word_1_296' title='bbox 429 3335 445 3376; x_wconf 89' lang='lat' dir='ltr'><strong>a</strong></span> <span class='ocrx_word' id='word_1_297' title='bbox 459 3326 550 3376; x_wconf 89' lang='lat' dir='ltr'><strong>matre</strong></span> <span class='ocrx_word' id='word_1_298' title='bbox 567 3326 596 3376; x_wconf 93' lang='lat' dir='ltr'><strong>et</strong></span> <span class='ocrx_word' id='word_1_299' title='bbox 613 3316 648 3376; x_wconf 90' lang='lat' dir='ltr'><strong>ab</strong></span> <span class='ocrx_word' id='word_1_300' title='bbox 665 3318 738 3376; x_wconf 86' lang='lat' dir='ltr'><strong>avia.</strong></span> <span class='ocrx_word' id='word_1_301' title='bbox 760 3316 869 3376; x_wconf 90' lang='lat' dir='ltr'><strong>Prioris</strong></span> <span class='ocrx_word' id='word_1_302' title='bbox 886 3315 1022 3374; x_wconf 88' lang='lat' dir='ltr'><strong>materiae</strong></span> <span class='ocrx_word' id='word_1_303' title='bbox 1042 3312 1097 3372; x_wconf 91' lang='lat' dir='ltr'><strong>duo</strong></span> 
     </span>
     <span class='ocr_line' id='line_1_38' title="bbox 106 3396 1098 3480; baseline -0.001 -23"><span class='ocrx_word' id='word_1_304' title='bbox 106 3399 265 3476; x_wconf 90' lang='lat' dir='ltr'><strong>volumina,</strong></span> <span class='ocrx_word' id='word_1_305' title='bbox 283 3401 453 3479; x_wconf 88' lang='lat' dir='ltr'><strong>posterioris</strong></span> <span class='ocrx_word' id='word_1_306' title='bbox 474 3419 558 3459; x_wconf 88' lang='lat' dir='ltr'><strong>unum</strong></span> <span class='ocrx_word' id='word_1_307' title='bbox 574 3410 603 3460; x_wconf 90' lang='lat' dir='ltr'><strong>et</strong></span> <span class='ocrx_word' id='word_1_308' title='bbox 618 3400 804 3478; x_wconf 79' lang='lat' dir='ltr'><strong>quadraginta</strong></span> <span class='ocrx_word' id='word_1_309' title='bbox 819 3400 943 3480; x_wconf 92' lang='lat' dir='ltr'><strong>reliquit.</strong></span> <span class='ocrx_word' id='word_1_310' title='bbox 973 3396 1098 3478; x_wconf 80' lang='lat' dir='ltr'><strong>Compo-</strong></span> 
     </span>
     <span class='ocr_line' id='line_1_39' title="bbox 107 3481 1100 3565; baseline 0 -23"><span class='ocrx_word' id='word_1_311' title='bbox 107 3483 162 3544; x_wconf 85' lang='lat' dir='ltr'><strong>suit</strong></span> <span class='ocrx_word' id='word_1_312' title='bbox 184 3491 212 3544; x_wconf 91' lang='lat' dir='ltr'><strong>et</strong></span> <span class='ocrx_word' id='word_1_313' title='bbox 228 3481 275 3544; x_wconf 85' lang='lat' dir='ltr'><strong>De</strong></span> <span class='ocrx_word' id='word_1_314' title='bbox 289 3482 354 3544; x_wconf 80' lang='lat' dir='ltr'><strong>aito</strong></span> <span class='ocrx_word' id='word_1_315' title='bbox 369 3500 429 3544; x_wconf 86' lang='lat' dir='ltr'><strong>sue</strong></span> <span class='ocrx_word' id='word_1_316' title='bbox 448 3493 516 3544; x_wconf 86' lang='lat' dir='ltr'><strong>octo</strong></span> <span class='ocrx_word' id='word_1_317' title='bbox 534 3485 694 3564; x_wconf 89' lang='lat' dir='ltr'><strong>volumina,</strong></span> <span class='ocrx_word' id='word_1_318' title='bbox 715 3486 808 3564; x_wconf 85' lang='lat' dir='ltr'><strong>magis</strong></span> <span class='ocrx_word' id='word_1_319' title='bbox 824 3485 922 3565; x_wconf 89' lang='lat' dir='ltr'><strong>inepte</strong></span> <span class='ocrx_word' id='word_1_320' title='bbox 940 3503 1023 3564; x_wconf 90' lang='lat' dir='ltr'><strong>quam</strong></span> <span class='ocrx_word' id='word_1_321' title='bbox 1039 3484 1100 3543; x_wconf 88' lang='lat' dir='ltr'><strong>ioe-</strong></span> 
     </span>
    </p>
   </div>
   <div class='ocr_carea' id='block_1_3' title="bbox 707 3567 1228 3674">
    <p class='ocr_par' dir='ltr' id='par_1_3' title="bbox 707 3567 1228 3674">
     <span class='ocr_line' id='line_1_40' title="bbox 707 3567 1228 3674; baseline 0.019 -36"><span class='ocrx_word' id='word_1_322' title='bbox 707 3567 910 3641; x_wconf 53' lang='lat' dir='ltr'><strong>sefflica&amp;</strong></span> <span class='ocrx_word' id='word_1_323' title='bbox 936 3573 1017 3642; x_wconf 54' lang='lat' dir='ltr'><strong>rhu„</strong></span> <span class='ocrx_word' id='word_1_324' title='bbox 1050 3571 1137 3674; x_wconf 43' lang='lat' dir='ltr'><strong>atq&amp;</strong></span> <span class='ocrx_word' id='word_1_325' title='bbox 1227 3627 1228 3648; x_wconf 65' lang='lat' dir='ltr'><strong>t</strong></span> 
     </span>
    </p>
   </div>
   <div class='ocr_carea' id='block_1_4' title="bbox 2 3453 44 3510">
    <p class='ocr_par' dir='ltr' id='par_1_4' title="bbox 1 3453 44 3576">
     <span class='ocr_line' id='line_1_41' title="bbox 2 3453 44 3510; baseline 0 0"><span class='ocrx_word' id='word_1_326' title='bbox 2 3453 44 3510; x_wconf 60' lang='lat' dir='ltr'><strong>sk</strong></span> 
     </span>
    </p>
   </div>
   <div class='ocr_carea' id='block_1_5' title="bbox 0 0 1238 3896">
    <p class='ocr_par' dir='ltr' id='par_1_5' title="bbox 0 0 1238 3896">
     <span class='ocr_line' id='line_1_42' title="bbox 0 0 1238 3896; baseline 0 0"><span class='ocrx_word' id='word_1_327' title='bbox 0 0 1238 3896; x_wconf 95' lang='lat' dir='ltr'><strong> </strong></span> 
     </span>
    </p>
   </div>
   <div class='ocr_carea' id='block_1_6' title="bbox 531 3713 907 3828">
    <p class='ocr_par' dir='ltr' id='par_1_6' title="bbox 531 3713 907 3828">
     <span class='ocr_line' id='line_1_43' title="bbox 531 3713 907 3828; baseline -0.016 -48"><span class='ocrx_word' id='word_1_328' title='bbox 531 3713 660 3828; x_wconf 44' lang='lat' dir='ltr'><strong>h&#39;w&#39;q</strong></span> <span class='ocrx_word' id='word_1_329' title='bbox 685 3743 743 3782; x_wconf 53' lang='lat' dir='ltr'><strong>Salat</strong></span> <span class='ocrx_word' id='word_1_330' title='bbox 780 3749 860 3780; x_wconf 57' lang='lat' dir='ltr'><strong>tcum</strong></span> <span class='ocrx_word' id='word_1_331' title='bbox 880 3731 907 3798; x_wconf 46' lang='grc' dir='ltr'><strong>’Ἰ</strong></span> 
     </span>
    </p>
   </div>
  </div>
 </body>
</html>
