2450 3910
424 241 528 289 uivus
547 241 790 290 vuseasmuus
1038 205 1100 292 Ι235

109 413 166 476 que
182 395 348 475 praeberet,
364 396 556 474 interrogauit
571 397 679 476 quenti
694 397 871 474 eoleiueeet,
889 403 918 458 et
933 405 1034 477 paetus
1056 405 1101 456 est

108 480 182 540 lueri
197 489 317 556 partem.
349 479 588 559 Reprehendeuti
609 481 669 540 lilio
690 480 774 559 Tito,
798 481 875 562 quod
896 483 981 542 etiam
1000 481 1100 541 urinae

108 562 236 640 vectigal
255 573 430 624 commentus
447 572 535 642 esset,
553 566 703 642 pecuniam
722 584 759 625 ex
782 567 872 644 prima
894 566 1034 644 pensione
1052 564 1099 625 ad·

15 639 20 648 '
107 649 197 707 morit
213 646 249 707 ad
264 665 368 725 nares,
385 648 537 708 scissitans
552 665 623 708 nom
638 647 735 709 odore
750 647 954 728 offenderetur
960 675 976 721 ‚·
1000 659 1029 710 et
1047 649 1098 708 illo

85 739 234 808 enegante
249 729 364 811 Atquin
378 732 467 811 inquit
484 750 500 792 e
515 732 588 793 lotio
603 739 657 792 eet.
685 730 846 793 Nuntiantis
857 734 982 811 legatos,
998 733 1099 794 deere-

108 824 165 874 tam
180 815 207 874 ei
218 815 335 894 publice
349 833 406 877 nou
420 816 575 877 mediocris
587 833 711 876 summae
722 825 843 876 statuum
855 817 1029 895 colosseam‚
1044 821 1099 877 ius-

109 899 208 964 sitvel
225 901 360 960 continuo
380 881 508 998 pompe,
532 909 561 961 et
581 919 681 960 cavam
701 918 812 960 manum
827 909 975 962 ostentans
998 911 1028 961 et
1040 919 1099 980 po·

107 988 213 1043 ratam
225 981 325 1044 busim
339 984 448 1045 diceus.
471 983 516 1044 Ao
526 1003 563 1045 ne
575 985 603 1043 in
614 993 691 1044 metu
705 984 820 1063 quidem
831 1002 867 1044 ao
878 984 1012 1064 periculo
1025 1002 1099 1045 mor·

108 1067 145 1128 tis
176 1076 306 1129 extremo
338 1068 471 1129 abstinuit
501 1070 585 1130 iouis.
621 1067 693 1129 Nam
713 1087 780 1129 eum
807 1070 883 1129 inter
908 1077 1007 1129 cetera
1033 1086 1099 1146 pro-

74 1151 186 1229 sodigia
199 1152 377 1212 Mausoleum
392 1151 551 1232 derepente
567 1153 707 1231 patuisset
722 1162 751 1213 et
762 1153 853 1213 stella·
862 1154 963 1212 crinita
975 1153 1003 1210 in
1016 1153 1099 1212 caelo

109 1237 307 1314 apparuisset,
329 1235 449 1296 alterum
471 1237 507 1298 ad
526 1235 633 1296 Iuniam
653 1235 799 1297 Caluinam
821 1255 838 1296 e
864 1245 953 1313 gente
975 1233 1100 1313 Augusti

108 1320 256 1399 pertinere
271 1318 402 1397 dicebat,
424 1320 544 1380 alterurn
566 1319 602 1380 ad
616 1319 785 1380 Parthorum
802 1338 904 1397 regem
919 1320 967 1399 qui
983 1319 1099 1399 capilla-

107 1413 153 1463 tus
170 1412 264 1471 esset;
282 1404 371 1482 prima
389 1421 504 1483 quoque
521 1403 614 1464 morbi
631 1405 804 1464 accessione
824 1402 887 1464 Voe
901 1404 1005 1484 inquit,
1021 1409 1099 1482 puto
1195 1459 1199 1467 .

109 1486 184 1547 deus
197 1486 249 1564 fio.
1018 1551 1019 1556 ,

72 1592 99 1634 rs
171 1568 326 1632 Consulatu
342 1589 394 1633 suo
421 1588 498 1631 nono
520 1581 674 1652 temptatus
695 1573 724 1631 in
740 1571 895 1652 Campania
916 1571 1140 1633 motiunculisae

107 1653 221 1713 levibus
235 1657 422 1735 protinusque
444 1656 517 1716 urbe
532 1658 672 1736 repetita,
694 1654 814 1718 Cutilias
835 1675 870 1717 ae
882 1655 1004 1717 Reatina
1022 1675 1098 1734 rura,

108 1736 156 1797 ubi
169 1740 313 1800 aestivare
325 1750 394 1820 quot
406 1741 486 1801 annis
498 1740 621 1818 solebat,
633 1741 715 1820 petit.
732 1740 787 1802 llic
800 1759 863 1802 curu
875 1759 964 1820 super
974 1758 1098 1818 urguen-

108 1830 166 1881 tem
185 1822 367 1884 valitudinem
390 1823 566 1886 creberrimo
589 1825 711 1902 trigidae
734 1843 826 1905 aquae
848 1844 900 1884 usu
922 1826 1006 1886 etiarn
1026 1827 1098 1884 inte·

110 1907 182 1966 stina
197 1908 338 1984 uitiasset,
357 1926 413 1968 neo
428 1925 464 1968 eo
479 1909 570 1968 minus
585 1907 749 1968 muneribus
764 1910 958 1988 imperatoriis
974 1927 1012 1968 ex
1029 1926 1096 1968 oon·

70 2011 100 2054 ao
109 1988 258 2050 suetudine
270 1990 448 2068 fungeretur,
466 2000 495 2050 ut
507 1993 591 2052 etiarn
602 1992 765 2069 legationes
777 1991 887 2053 audiret
900 1991 1016 2069 cubans,
1031 1992 1098 2052 alvo

108 2082 231 2151 repente
246 2092 337 2153 nsque
351 2074 388 2135 ad
402 2073 597 2136 defectionem
613 2075 714 2154 soluta,
730 2075 948 2154 imperatorem
962 2075 1001 2135 ait
1012 2080 1097 2135 stun-

108 2165 166 2218 tem
181 2158 263 2220 mori
276 2164 440 2236 oportere,·
460 2157 582 2237 dumque
598 2160 747 2236 consurgit
762 2178 797 2220 ao
814 2160 925 2236 nititur,
949 2161 1024 2218 inter
1038 2177 1097 2219 ma·

107 2261 161 2302 nus
182 2242 392 2303 subleuantium
413 2243 556 2303 extinctus
577 2252 623 2302 est
639 2241 731 2304 v1111.
746 2243 793 2304 lll.
809 2242 862 2303 lul.
887 2261 989 2303 annum
1007 2261 1098 2320 agens

108 2328 210 2387 aetatis
224 2329 455 2405 sexagensimum
469 2345 504 2388 ao
520 2343 641 2405 nonum,
658 2345 803 2407 superque
819 2344 947 2387 mensem
968 2344 1004 2387 aa
1023 2326 1098 2386 diem

70 2413 269 2489 asseptimum.

172 2493 315 2556 Convenit
337 2496 411 2555 inter
433 2495 543 2572 omnis,
566 2501 623 2554 tam
641 2504 751 2555 eertum
770 2512 834 2556 eum
852 2494 888 2556 de
904 2515 955 2557 sua
969 2501 1140 2557 suorum-²5

108 2596 165 2656 que
183 2579 314 2656 genitura
330 2596 446 2657 semper
463 2579 570 2655 luisse,
592 2588 623 2639 ut
639 2589 707 2658 post
727 2579 857 2640 assiduas
872 2582 900 2639 in
917 2599 949 2640 se
967 2581 1098 2641 coniura-

107 2661 202 2722 tiones
214 2681 299 2723 ausus
314 2663 351 2722 sit
364 2661 515 2724 adfirmare
530 2664 651 2740 senatui,
669 2669 723 2724 out
732 2663 815 2742 filios
826 2663 1099 2725 sibieoaoeesuros

108 2751 164 2806 out
179 2747 336 2808 neminem.
373 2746 485 2807 Dicitur
505 2747 589 2807 etiam
609 2748 718 2808 vidisse
738 2748 880 2828 quondam
900 2766 954 2826 per
974 2747 1099 2826 quietem

69 2850 97 2892 eo
107 2837 242 2892 stateram
256 2830 348 2890 media
364 2840 447 2910 parte
462 2829 598 2891 vestibuli
611 2832 758 2892 Palatinae
777 2831 878 2892 domus
894 2831 1016 2911 positam
1031 2846 1097 2889 exa·

106 2915 182 2974 mine
196 2932 300 2995 aequo,
318 2933 381 2975 oum
395 2917 424 2975 in
439 2915 531 2976 altera
545 2915 629 2975 lanee
645 2913 779 2976 Claudius
795 2925 824 2976 et
836 2915 915 2976 Nero
933 2923 1053 2989 starent,
1070 2913 1098 2972 in

108 2996 199 3060 altera
213 3001 278 3079 ipse
293 3017 327 3060 ae
348 2999 408 3059 lilii.
441 2998 505 3059 Neo
530 3017 579 3059 res
599 2998 720 3078 ielellit,
742 2999 854 3079 quando
876 2996 995 3059 totidem
1017 2997 1098 3058 anuis

106 3083 228 3163 parique
242 3084 384 3162 temporis
400 3083 494 3163 spatio
510 3083 623 3163 utrique
639 3083 863 3170 imperaverunt.
