2466 3896
475 279 579 327 rurus
598 279 781 327 cosumus.
1065 267 1124 328 157

128 445 352 516 repraesentans
368 453 421 514 pro
439 454 529 515 opera
541 435 656 512 dignam
669 437 772 514 cuique
786 434 960 495 mercedem.
1005 433 1125 494 Artiore

7 392 10 433 ι

6 449 10 619 l
128 532 221 582 autem
249 537 359 580 annona
386 521 423 580 ob
449 520 578 582 assiduas
607 519 790 597 sterilitates,
824 519 955 580 detentus
983 518 1124 598 quondam
1226 547 1227 552 .

6 626 12 698 q
127 605 222 684 ”thim
247 605 313 665 loro
335 623 351 666 a
376 605 458 666 turba
480 605 679 682 conviciisque
695 613 724 664 et
740 605 822 664 simul
839 603 1027 682 fragminibus
1043 605 1125 682 panis

17 705 28 745 π
127 692 166 750 ita
182 689 349 765 intestatus,
376 699 406 748 ut
421 708 510 767 aegre
525 706 582 748 nec
599 690 653 747 nisi
671 690 786 767 postico
802 688 927 748 evadere
943 689 972 747 in
986 688 1125 748 Palatium

102 773 267 851 svaluerit,
284 773 351 832 nibil
371 791 428 833 non
449 773 630 850 excogitavit
645 773 680 832 ad
697 772 876 832 inuehendos
894 773 978 832 etiam
993 781 1168 855 temporem
1221 787 1227 824 ι

127 858 250 918 hiberno
270 868 455 918 commeatus.
488 857 559 918 Nam
576 866 604 916 et
618 856 848 935 negotiatoribus
864 865 943 917 certa
961 856 1042 916 lucra
1058 866 1124 937 pro'-

7 1007 8 1018 ,
128 943 241 1022 posuit,
267 951 404 1022 suscepto
427 943 456 1000 in
477 961 510 1003 se
533 943 650 1019 damno,
677 942 701 1002 si
723 943 768 1000 cui
784 940 851 1019 quid
867 959 920 1020 per
935 949 1124 1020 tempestates

6 1033 24 1119 ¹,
129 1025 300 1104 accidisset,
323 1035 353 1086 et
371 1045 461 1087 naves
482 1036 662 1087 mercaturae
684 1043 770 1086 causa
791 1024 996 1085 fabricantibus
1021 1043 1124 1101 magna

130 1111 278 1172 commoda
294 1113 440 1171 constituit
454 1129 507 1190 pro
523 1111 688 1172 conditione
702 1113 854 1189 cuiusque;
873 1111 928 1168 civi
944 1111 1124 1169 vacationem
1134 1124 1167 1178 19

93 1215 119 1256 ao
129 1195 206 1274 legis
218 1195 325 1274 Papiae
338 1194 510 1275 Poppaeae,
532 1196 632 1257 Latino
649 1196 692 1254 ius
705 1195 869 1270 Quiritium,
887 1194 1001 1253 leminis
1012 1195 1056 1254 ius
1070 1192 1125 1253 llll

127 1281 300 1348 liberorum:
317 1298 392 1358 quae
411 1281 564 1340 constituta
579 1279 725 1359 hodieque
741 1287 901 1339 servantur.

190 1365 286 1444 Opera
303 1382 405 1463 magna
423 1365 580 1446 potiusque
593 1365 776 1424 necessaria
762 1381 866 1450 ,quam
886 1361 973 1422 multa
988 1361 1123 1442 perfecit,
1133 1378 1168 1431 20

127 1449 180 1508 sed
200 1449 247 1508 vel
269 1451 444 1528 praecipua:
463 1447 576 1508 ductum
593 1466 728 1526 aquarum
745 1423 849 1508 alicio
864 1446 1042 1524 inchoatum,
1057 1447 1124 1506 item

6 1551 43 1634 ,¹
30 1559 69 1607 ι
96 1534 304 1634 ,emissarium
326 1532 426 1593 Fucini
451 1532 531 1593 lacus
553 1542 726 1612 portumque
749 1532 929 1609 Ostiensem,
956 1549 1125 1610 quamquam

89 1634 117 1676 ιι
127 1620 218 1678 sciret
233 1636 270 1677 ex
286 1619 320 1676 iis
336 1617 456 1676 alterum
478 1617 513 1676 ab
532 1618 665 1695 Augusto
688 1616 874 1698 precantibus
890 1616 1006 1676 assidue
1020 1616 1125 1676 Marsis

126 1711 277 1780 negatum,
297 1703 417 1772 alterum
432 1721 448 1762 a
462 1702 537 1762 Divo
552 1701 625 1763 lulio
641 1703 758 1782 saepius
774 1702 945 1762 destinatum
958 1719 993 1761 ac
1004 1709 1188 1788 propter
1173 1702 1186 1734 ²

127 1786 478 1846 difficultatemomissum.
493 1781 1202 1871 ΟΙιιιιάῑιοιιιιιιιοςοίἱάοεεῑιιιοιθεῐοιιιει,Ὗ·
1186 1844 1193 1860 Χ

126 1886 247 1948 quorum
268 1870 351 1930 alteri
376 1869 538 1949 Caeruleo,
561 1871 644 1931 alteri
666 1869 765 1931 Curtio
787 1881 816 1930 et
832 1871 1001 1947 Albudigno
1021 1888 1125 1930 nomen
1226 1935 1227 1944 χ

127 1962 189 2028 est,
219 1955 359 2033 simulque
382 1957 472 2014 rivum
486 1955 608 2015 Anienis
629 1958 698 2015 novi
719 1955 837 2033 lapideo
858 1973 950 2034 opere
976 1955 1005 2012 in
1026 1954 1126 2014 urbem

87 2058 117 2098 ao
128 2036 280 2117 perduxit,
299 2037 477 2117 divisitque
469 2057 497 2097 m
516 2039 654 2117 plurimos
670 2049 699 2099 et
716 2041 913 2099 ornatissimos
929 2038 1019 2097 lacus.
1040 2037 1124 2096 Fuci-

126 2139 192 2182 num
213 2122 370 2200 adgressus
385 2132 447 2200 est,
468 2140 525 2183 non
542 2124 634 2182 minus
650 2122 812 2202 compendii
829 2141 883 2203 spe
901 2139 984 2200 quam
999 2120 1124 2198 gloriae,

128 2225 192 2266 cum
214 2207 327 2308 quidam
342 2168 455 2287 privatb
471 2217 583 2287 sumptu
602 2208 759 2267 emissuros
774 2226 806 2266 se
822 2209 1071 2285 repromitterent,
1101 2207 1126 2264 si

127 2281 183 2350 sibi
199 2293 299 2352 siccati
314 2293 378 2369 agri
394 2291 633 2352 concederentur.
656 2292 712 2352 Per
726 2291 780 2351 tria
795 2299 889 2351 autem
900 2308 1036 2370 passuum
1048 2290 1125 2351 milia

7 2418 8 2428 .
25 2372 33 2388 '
127 2377 230 2454 partim
247 2377 366 2437 colosso
381 2385 479 2437 monte
494 2377 596 2456 partim
615 2377 733 2452 exciso,
751 2365 880 2436 canalem
894 2374 1020 2435 absolvit
1034 2393 1124 2452 aegre

90 2467 159 2519 sset
179 2470 246 2538 post
265 2461 397 2522 undecim
423 2479 529 2538 annos,
560 2462 690 2539 quamvis
716 2461 857 2520 continuis
878 2458 962 2520 XXX
981 2460 1125 2520 hominurn

127 2543 241 2604 milibus
263 2547 325 2605 sine
348 2546 561 2605 intermissione
588 2545 785 2624 operantibus.
815 2545 932 2605 Portum
956 2544 1053 2604 Ostiae
1075 2563 1124 2604 ex-

127 2630 230 2705 traxit,
249 2628 444 2690 circumducto
457 2630 559 2690 dextra
575 2631 748 2709 sinistraque
760 2629 879 2689 brachio
891 2640 920 2689 et
932 2624 971 2690 ad
980 2630 1123 2689 introitum

10 2725 17 2734 ·
128 2713 294 2790 prolundo
286 2733 340 2774 ram
355 2713 417 2774 salo
433 2714 510 2775 mole
523 2714 653 2783 obiecta;
671 2732 753 2793 quarn
769 2732 826 2793 quo
840 2714 970 2774 stabilius
981 2713 1123 2788 fundaret,

130 2813 232 2856 navem
261 2807 326 2858 ante
352 2797 504 2875 demersit,
534 2817 587 2899 qpa
613 2815 734 2876 magnus
760 2799 908 2859 obeliscus
928 2817 966 2858 ex
986 2797 1208 2912 Aegyptod'a(

92 2880 223 2942 aluerat
243 2882 397 2959 advectus,
427 2884 634 2961 congestisque
658 2883 726 2962 pilis
750 2883 938 2962 superposuit
959 2881 1190 2942 altissimam&

126 2969 253 3024 turrem'
245 2985 273 3025 m
286 2967 449 3067 exemplum
460 2967 648 3027 Alexandrini
662 2967 764 3045 l’hari,
781 2977 810 3026 ut
821 2967 856 3027 ad
868 2975 1027 3076 nocturnos
1040 2967 1124 3043 ignes

128 3067 241 3108 cursum
259 3053 375 3128 navigia
390 3050 558 3128 dirigerent

188 3123 343 3212 Congiaria
362 3136 471 3215 populo
496 3137 612 3216 saepius
631 3136 781 3195 distribuit.
816 3135 990 3214 Spectacula
1009 3148 1163 3213 quoque21

128 3218 277 3298 complura
299 3229 328 3278 et
351 3221 505 3298 magnilica
528 3220 632 3298 edidit,
657 3238 713 3280 non
741 3215 844 3280 usitata
866 3219 952 3278 modo
971 3237 1007 3278 ac
1031 3219 1124 3280 solitis

91 3304 218 3379 atacis,
243 3303 294 3362 sed
311 3312 340 3363 et
356 3307 548 3366 commentitia
571 3313 652 3364 etex
675 3305 841 3382 antiquitate
862 3306 999 3382 repetita,
1024 3310 1052 3362 et
1075 3304 1125 3364 ubi

125 3347 280 3468 praetbrea
307 3405 392 3448 uerno
418 3398 484 3449 ante
500 3409 574 3450 eum.
615 3387 711 3449 Ludos
737 3388 927 3448 dedicationis
956 3387 1126 3468 Pompeiani

125 3470 239 3548 theatri,
252 3472 329 3550 quod
341 3473 498 3535 ambustum
510 3474 686 3551 restituerat,
700 3473 861 3546 etribunali
873 3475 969 3552 posito
979 3475 1007 3533 in
1021 3473 1123 3535 orche-

37 3555 48 3574 '
126 3563 186 3618 stra
199 3557 356 3634 commisit,
378 3576 439 3618 cnm
450 3563 529 3640 prius
541 3559 617 3638 apud
629 3561 798 3648 superiores
814 3557 903 3621 aedes
917 3559 1120 3640 supplicasset,

660 3707 767 3750 tarmes-a
786 3685 833 3746 abr
854 3685 976 3753 alfei-ere
