2450 3910
489 266 718 314 nomnrsnus.
1042 252 1102 311 251

108 423 233 485 delutum
243 440 299 481 nec
311 422 487 498 infitiantem,
504 424 629 480 iactasse
643 441 676 481 se
693 439 768 500 quae
787 421 963 501 providisset
976 439 1014 480 ex
1031 429 1105 500 arte,

108 508 271 568 sciscitatus
289 515 342 583 est,
357 507 421 584 quis
435 509 528 584 ipsum
539 515 668 566 maneret
680 508 835 576 exitns;.et
846 506 1044 582 affirmantem,
1059 505 1103 564 fo·

108 611 143 652 re
156 601 186 652 ut
199 591 282 650 brevi
297 591 475 650 laceraretur
492 609 509 650 a
525 589 657 667 canibus,
670 592 793 650 interfici
804 591 918 670 quidem
931 592 993 650 sine
1012 607 1103 668 mors,

109 677 163 740 sed
177 675 213 735 ad
238 674 451 752 coarguendam
470 675 658 735 temeritatem
677 677 747 734 artis
771 675 893 753 sepeliri
924 679 1041 753 quoque
1057 693 1103 734 ao·

81 761 289 822 scuratissime
299 761 460 836 imperarit.
494 758 578 834 Quod
591 777 654 818 curn
665 760 764 836 fieret,
781 761 878 818 evenit
891 768 934 834 nt,
953 760 1103 838 repentina

108 853 281 924 tempestate
298 843 413 904 deiecto
431 843 549 920 funere,
571 845 737 903 semiustum
754 842 880 903 cadaver
903 843 1104 922 discerperent

108 948 213 1005 canes,
226 928 313 1006 idque
326 928 354 986 ei
366 929 496 988 caenanti
508 946 525 988 a
535 929 620 989 mimo
631 927 746 1004 Latino,
764 929 812 1007 qui
828 929 1008 1005 praeteriens
1026 928 1103 987 forte

108 1014 358 1088 animadverterat,
370 1014 445 1072 inter
458 1022 572 1073 ceteras
584 1012 640 1072 diei
652 1011 766 1072 fabulas
777 1011 946 1072 referretur.
1143 1069 1173 1090 ,κ

171 1096 266 1158 Pridie
281 1113 364 1174 quam
374 1098 493 1174 periret,
507 1115 570 1157 oum
582 1097 697 1157 oblatos
709 1096 827 1156 tuberes
845 1098 956 1156 servari
973 1095 1171 1162 iussissetlo*

73 1185 136 1247 roin
151 1184 314 1256 crastinum,
328 1179 446 1240 adiecit:
462 1180 500 1240 Si
517 1181 608 1242 modo
623 1182 669 1242 uti
687 1181 825 1241 licuerit!
844 1190 873 1240 et
891 1197 1049 1240 conversus
1069 1180 1105 1240 ad

109 1268 257 1346 proximos
269 1265 430 1342 affirmarit,
441 1264 513 1342 fore
524 1272 559 1325 ut
571 1265 708 1344 sequenti
722 1265 772 1326 die
786 1266 860 1325 luno
874 1283 910 1325 se
922 1265 956 1326 in
971 1264 1104 1344 aquario

109 1356 285 1411 cruentaret
294 1348 471 1430 factumque
482 1351 609 1428 aliquod
620 1349 775 1425 existeret,
788 1349 826 1408 de
838 1367 897 1428 qno
910 1350 1105 1429 loquerentur

108 1433 244 1494 borsines
252 1451 313 1512 per
329 1441 482 1494 terrorum
493 1432 607 1495 orbem.
627 1433 667 1493 At
676 1435 753 1494 circu
760 1433 881 1494 mediam
888 1443 1003 1494 noctem
1015 1435 1053 1493 ita
1060 1442 1105 1492 est

109 1518 274 1593 exterritus,
288 1526 318 1576 ut
330 1535 347 1577 e
361 1524 451 1577 strato
463 1518 622 1597 prosiliret.
649 1518 762 1578 Dehinc
772 1535 855 1579 mane
872 1517 1055 1598 haruspicem
1068 1535 1105 1576 ex

78 1621 99 1665 ts
110 1602 261 1664 Germania
274 1602 402 1678 missum,
415 1603 463 1681 qui
476 1603 624 1663 consultus
635 1604 671 1664 de
683 1603 798 1680 fulgure
815 1605 998 1664 mutationem
1009 1619 1104 1662 rerum

108 1685 307 1766 praedixerat,
331 1685 418 1746 audiit
436 1687 711 1767 condemnavitqum
728 1706 762 1747 ac
781 1687 845 1747 dum
863 1689 1059 1748 exulceratam
1076 1687 1105 1744 in

108 1773 203 1832 fronte
225 1788 375 1831 verrucam
399 1771 595 1832 rebemenbus
617 1772 740 1852 scalpit,
767 1773 929 1850 profluente
955 1773 1104 1850 sanguiue,

111 1853 233 1916 Utinam
248 1855 338 1934 inquit
357 1855 523 1916 bostonus!
540 1855 632 1929 ¹'l'unc
649 1856 738 1916 boras
749 1858 907 1935 requirenti
925 1873 979 1934 pro
998 1859 1103 1935 quinta,

110 1957 194 2019 quam
210 1938 371 2017 metuebat,
394 1949 477 1999 sexta
497 1958 534 1999 ex
552 1939 690 2000 industria
712 1943 838 2000 nuntiata
859 1951 913 2000 est.
956 1941 1008 2000 His
1026 1938 1105 1999 velut

73 2044 101 2085 eo
109 2032 255 2084 trausacto
267 2025 322 2081 iam
334 2023 465 2102 periculo
479 2024 595 2100 laetum,
607 2025 848 2103 festinantemque
859 2024 895 2084 ad
907 2026 1042 2104 corporis
1058 2042 1104 2082 cu·

109 2127 169 2168 ram
180 2106 350 2168 Parthenius
362 2106 496 2168 cubiculo
509 2111 693 2188 praepositus
707 2111 865 2184 convertit,
883 2111 1014 2168 nuntians
1026 2125 1104 2182 esse,

110 2195 156 2272 qui
168 2209 302 2269 magnum
313 2192 413 2252 nescio
426 2192 493 2270 quid
505 2193 630 2270 afferret,
643 2211 697 2252 nee
710 2183 905 2252 differendum.
922 2192 1022 2271 Itaque
1032 2209 1104 2252 sum·

108 2279 195 2337 motis
208 2276 348 2354 omuibus,
361 2278 390 2335 in
403 2277 564 2336 cubiculum
576 2295 608 2337 se
620 2279 734 2356 recepit
746 2286 831 2354 atque
844 2277 882 2336 ibi
897 2279 1014 2337 occisus
1029 2285 1083 2336 est.

170 2360 214 2421 De
226 2360 391 2422 insidiarum
403 2361 559 2440 caedisque
570 2378 680 2438 genere
695 2361 768 2420 baec
785 2361 848 2420 fere
866 2361 1013 2440 divulgata
1030 2369 1104 2419 sunt.
1114 2381 1146 2438 17

74 2467 101 2508 ss
111 2445 316 2508 Cunctantibus
329 2447 518 2526 conspiratis,
537 2445 649 2524 quondo
662 2455 692 2505 et
706 2462 763 2525 qno
782 2446 886 2523 ruodo,
905 2446 933 2506 id
947 2457 992 2505 est
1008 2446 1104 2505 lavan-

109 2542 204 2592 temue
216 2548 252 2590 an
265 2539 449 2608 caenantem,
468 2530 714 2607 adgrederentur,
738 2529 919 2609 Stephanus,
940 2530 1105 2590 Domitillae

110 2624 292 2696 procurator,
306 2624 335 2674 et
347 2624 413 2674 tunc
427 2617 651 2694 interceptarum
664 2616 848 2693 pecuniarum
860 2633 938 2693 reus,
956 2614 1106 2676 consilium

109 2716 287 2779 operamque
300 2697 412 2777 optulit.
442 2699 489 2759 Ac
503 2699 682 2759 sinisteriore
693 2699 827 2777 brachio,
840 2699 920 2759 velut
937 2717 1043 2777 aegro,
1065 2696 1105 2755 la-

110 2787 153 2844 nis
165 2784 321 2862 fasciisque
332 2802 387 2863 per
398 2782 508 2862 aliquot
523 2782 586 2844 dies
603 2783 638 2843 ad
655 2783 839 2844 avertendam
850 2786 1044 2862 suspicionem
1054 2779 1105 2840 ob-

78 2891 102 2934 to
111 2868 221 2942 voluto,
233 2867 270 2950 qd
283 2869 374 2945 ipsum
385 2867 485 2927 boram
496 2867 633 2928 dolonem
645 2869 802 2936 interiecit;
815 2868 1024 2947 professusque
1037 2882 1105 2924 con·
1131 2879 1168 2936 qn
1183 2857 1194 2927 l

110 2954 274 3032 spirationis
286 2951 419 3011 indicium
432 2962 461 3011 et
472 2951 510 3011 ob
522 2951 579 3012 boc
592 2952 748 3029 admissus,
767 2951 877 3030 legenti
894 2952 1027 3011 traditum
1045 2965 1106 3009 ase

110 3037 237 3098 libellum
250 3047 278 3098 et
290 3037 411 3096 attonito
421 3037 537 3097 suffodit
548 3037 674 3118 inguina.
707 3037 839 3095 Saunium
851 3054 886 3096 ac
897 3041 1106 3114 repugnantem

110 3121 200 3182 adorti
213 3119 368 3182 Clodianus
382 3121 605 3198 cornicularius,
622 3129 651 3180 et
666 3120 807 3181 Maximus
824 3119 959 3180 Partheni
976 3119 1105 3194 libertus,

111 3215 139 3266 et
157 3206 285 3290 Suturiqs
302 3205 423 3265 decurio
446 3205 699 3282 cubiculariorum,
717 3215 747 3265 et
764 3204 878 3282 quidam
896 3224 913 3264 e
932 3203 1105 3282 gladiatorio

75 3314 101 3354 es
110 3289 178 3352 ludo
190 3289 358 3350 vulneribus
376 3299 490 3368 septem
502 3290 744 3350 contrucidarunt.
768 3289 854 3367 Puer,
867 3291 915 3368 qui
926 3305 994 3348 arae
1005 3287 1106 3348 Larum

112 3373 234 3434 cubiculi
249 3394 286 3435 ex
296 3374 505 3434 consuetudine
518 3375 658 3434 assistens
669 3373 796 3433 interfuit
809 3373 903 3450 caedi,
915 3372 971 3433 boc
984 3373 1106 3453 amplius

111 3458 257 3536 narrabat,
276 3461 384 3518 iussum
400 3477 432 3518 se
444 3477 461 3519 a
472 3457 635 3519 Domitiano
647 3458 684 3518 ad
699 3459 818 3537 primum
835 3461 928 3520 statim
940 3459 1042 3518 vulnus
1056 3476 1106 3537 pu-

111 3545 225 3620 gionem
238 3543 356 3622 pulvino
375 3543 517 3604 subditum
533 3544 686 3620 porrigere
706 3562 740 3602 ac
758 3545 904 3604 ministros
916 3561 1041 3617 vocare,
1058 3559 1107 3601 ne·
