2466 3896
173 207 232 270 116
261 219 291 270 c.
309 220 458 270 sunnonr
472 220 596 280 namo.
612 221 660 268 nn
675 220 759 268 unna
774 219 957 269 consanum
970 220 1040 268 nm.
1056 219 1108 267 m.

173 373 321 454 exemplo,
335 383 398 434 ture
411 374 524 454 quidem
538 393 572 435 ac
584 377 652 435 rino
664 393 763 435 verum
772 376 835 434 siue
846 375 963 436 tibicine
972 373 1166 455 supplicavit,

129 468 204 533 qlut
218 459 268 518 ille
284 459 352 519 olim
368 461 396 518 in
411 468 504 519 morte
519 457 579 519 tilii.
623 461 763 520 Sermone
778 458 890 520 Graeco
906 475 1074 538 quamquam
1089 457 1164 517 alio-

173 545 222 625 qui
238 550 388 622 promptus
403 543 558 620 etfacilis,
579 560 637 602 non
658 552 752 604 tamen
772 558 862 621 usque
884 560 996 622 quaque
1019 560 1086 602 ustus
1108 549 1165 619 est,

172 627 363 706 abstinuitque
377 628 499 687 manime
514 628 542 686 in
557 636 672 698 senatu;
691 626 764 686 adeo
778 626 900 704 quidem,
916 635 946 685 ut
965 625 1167 705 monopolium

172 713 367 772 nominaturus
381 712 494 772 veniam
514 712 593 790 prius
611 711 783 790 postularet,
806 710 883 788 quod
898 710 952 770 sibi
967 709 1060 770 verbo
1076 727 1187 789 pere-c

172 797 256 874 grino
276 793 410 854 utendum
430 802 523 865 esset;
544 803 629 874 atque
652 796 736 854 etiam
761 809 823 853 cum
845 796 873 853 in
897 793 1021 874 quodam
1042 793 1165 855 decreto

115 915 118 920 ·
172 888 284 960 patrum
304 877 455 959 ἔμβλημα
474 878 657 956 recitaretur,
680 877 903 938 commutandam
921 880 1032 939 censuit
1048 894 1166 952 vocem,

174 971 204 1024 et
216 979 270 1042 pro
289 965 445 1042 peregrina
459 970 615 1022 nostratem
631 960 832 1041 requirendam
845 959 930 1022 anisi
945 979 1002 1022 non
1018 961 1166 1042 reperire-

172 1057 228 1125 tur,
243 1046 291 1107 rel
306 1046 436 1126 pluribus
451 1056 481 1106 et
494 1064 549 1126 per
562 1045 696 1108 ambitum
709 1045 864 1106 verborum
878 1064 939 1106 rem
954 1043 1165 1106 enuntiandam.

172 1130 291 1194 llilitem
302 1146 426 1210 quoque,
442 1129 552 1191 Graece
563 1131 754 1190 testimonium
767 1131 985 1208 interrogatum,
998 1131 1052 1189 nisi
1063 1128 1165 1189 Latine
1178 1147 1198 1188 rt

173 1214 355 1295 respondere
372 1214 471 1274 votuit.

132 1308 167 1366 tt
233 1298 282 1358 Bis
297 1298 410 1358 omnino
425 1306 486 1358 toto
504 1316 639 1358 secessus
654 1307 787 1378 tempore
797 1299 917 1360 Romam
931 1297 1029 1358 redire
1044 1305 1166 1356 conatus

176 1381 282 1464 (semel
303 1384 411 1442 triremi
430 1400 522 1462 usque
541 1381 577 1443 ad
598 1384 746 1463 proximos
767 1381 952 1444 naumachiae
973 1381 1075 1441 hortos
1097 1380 1165 1440 sub-

174 1475 292 1544 rectus,
321 1465 459 1546 disposita
482 1468 604 1528 statione
621 1484 676 1546 per
699 1468 778 1546 ripas
796 1466 927 1542 liberis,
962 1482 1035 1544 quae
1051 1464 1165 1525 obviam
1221 1461 1226 1486 ²

174 1550 342 1634 prodeuntis
364 1548 564 1627 submoveret,
592 1553 694 1610 iterum
713 1550 811 1632 Appia
832 1567 923 1629 usque
947 1548 982 1609 ad
1010 1550 1162 1628 septimum
1173 1573 1196 1613 ru

175 1633 315 1715 lapidem)
343 1632 395 1693 sed
423 1635 588 1712 prospectis
613 1634 699 1695 modo
720 1653 775 1695 nec
802 1633 884 1695 aditis
906 1633 985 1693 urbis
1013 1632 1163 1692 moenibus

174 1720 273 1788 rediit;
289 1718 380 1797 primo
399 1717 539 1776 incertum
553 1733 608 1796 qua
623 1717 659 1778 dc
674 1737 769 1796 causa,
784 1726 888 1798 postea
905 1725 1020 1778 ostento
1035 1718 1162 1777 territus.

175 1804 246 1864 Erat
262 1803 289 1862 ei
307 1803 335 1860 in
356 1799 574 1860 oblectamentis
588 1819 710 1880 serpens
724 1802 830 1879 draco,
850 1819 934 1881 quem
951 1818 989 1860 ex
1011 1808 1162 1861 consuetu·
1214 1799 1226 1860 i

177 1888 242 1947 dine
256 1902 339 1946 manu
355 1902 405 1944 sua
419 1883 564 1944 cibaturus
580 1902 643 1944 cum
655 1894 852 1965 consumptum
866 1903 882 1945 a
894 1884 1022 1945 torminis
1038 1884 1162 1944 invenis·
1225 1863 1226 1935 l

177 1980 237 2048 set,
259 1969 380 2029 monitus
402 1977 447 2028 est
469 1976 500 2028 ut
519 1969 575 2027 vim
589 1969 773 2031 multitudinis
789 1977 915 2031 careret.
945 1969 1073 2030 Rediens
1089 1986 1195 2047 ergon

177 2071 304 2135 propere
323 2050 514 2132 Campaniam,
536 2050 661 2114 Asturae
677 2055 705 2113 in
720 2054 887 2132 languorem
902 2054 1008 2132 incidit,
1024 2071 1081 2133 quo
1095 2072 1163 2133 pau·

175 2139 233 2200 lum
247 2138 359 2199 levatus
374 2135 504 2197 Circeios
521 2136 673 2216 pertendit.
704 2135 749 2198 Ac
765 2157 801 2197 ne
817 2156 901 2217 quam
914 2138 1109 2217 suspicionem
1122 2139 1162 2196 in·

176 2223 314 2284 firmitatis
333 2221 424 2299 daret,
446 2221 638 2282 castrensibus
656 2220 730 2281 ludis
749 2239 807 2282 non
823 2230 929 2283 tantum
949 2223 1088 2300 interluit,
1113 2219 1164 2281 sed
1215 2213 1225 2264 i

177 2309 261 2367 ctiam
276 2307 391 2366 missum
403 2307 432 2364 in
448 2304 582 2366 harenam
594 2323 693 2384 aprum
703 2305 804 2366 iaculis
818 2303 943 2384 desuper
953 2307 1039 2385 petit;
1058 2307 1163 2366 statim·
1224 2273 1225 2321 ¹

178 2407 234 2469 que
252 2390 343 2449 latere
360 2389 498 2449 convulso
517 2398 556 2468 et,
578 2398 608 2450 ut
623 2396 821 2466 exaestuarat,
842 2387 955 2450 afflatus
971 2408 1039 2450 aura
1053 2392 1082 2449 in
1098 2407 1196 2467 gra-ac

177 2473 288 2532 riorem
302 2471 404 2531 recidit
417 2471 555 2533 morbum.
581 2476 756 2534 sustentavit
774 2483 865 2534 tamen
881 2472 1053 2552 aliquandiu,
1069 2491 1163 2553 quam

176 2557 221 2616 vis
229 2554 368 2616 blisenum
377 2573 468 2634 usque
480 2556 618 2619 devectus
630 2558 699 2618 nihil
712 2576 749 2618 ex
764 2556 864 2617 ordine
880 2558 1023 2618 cotidiano
1036 2566 1164 2636 praeter·

176 2642 319 2716 mitteret,
338 2657 374 2699 ne
389 2640 522 2702 convivia
538 2642 652 2721 quidem
667 2650 713 2701 aut
729 2651 843 2702 ceteras
857 2641 1040 2722 voluptates,
1063 2643 1166 2721 partim
1223 2651 1224 2707 ς

175 2724 394 2804 intemperantia
411 2725 512 2804 partim
532 2725 766 2787 dissimulatione.
808 2724 880 2786 Nam
901 2723 1055 2786 Chariclen
1077 2723 1164 2785 medi·

178 2828 258 2886 cum,
281 2807 356 2888 quod
379 2818 536 2870 commeatu
555 2811 682 2871 afuturus
699 2828 716 2870 e
734 2811 868 2871 convivio
884 2809 1039 2888 egrediens
1053 2826 1197 2870 manumso

177 2893 232 2954 sibi
247 2892 394 2954 osculandi
412 2911 498 2954 causa
511 2894 765 2974 apprehendisset,
780 2893 945 2955 existimans
959 2900 1112 2973 temptatas
1128 2892 1164 2953 ab

177 2995 214 3038 co
228 2996 329 3055 renas,
347 2995 496 3038 remanere
519 2997 553 3039 ac
572 2978 742 3040 recumbere
758 2977 889 3038 hortatus
905 2987 965 3056 est,
989 2994 1164 3056 coenamque
1215 3023 1223 3042 o

177 3064 327 3142 protraxit.
361 3060 425 3121 Nec
443 3060 576 3123 abstinuit
591 3062 796 3123 consuetudine
815 3062 881 3141 quin
899 3072 967 3124 tunc
987 3078 1103 3141 quoque
1124 3063 1164 3119 in·
1222 3057 1223 3093 l

177 3155 255 3206 stans
278 3146 307 3205 in
323 3145 417 3206 medio
441 3145 582 3224 triclinio,
601 3154 710 3208 astante
726 3145 846 3225 lictore,
864 3147 995 3226 singulos
1009 3145 1109 3206 valere
1124 3143 1164 3204 di·

136 3229 270 3300 tacentis
285 3229 455 3309 appellaret.
494 3228 611 3291 lnterim
626 3249 689 3291 cum
704 3231 732 3289 in
748 3232 819 3291 actis
835 3241 951 3292 senatus
967 3230 1105 3308 legisset,
1123 3227 1197 3291 di-ss

177 3311 282 3371 missos
297 3330 333 3373 ac
350 3331 385 3373 ne
399 3313 510 3374 auditos
527 3315 640 3395 quidem
658 3314 796 3393 quosdam
817 3332 895 3394 reos,
917 3314 952 3376 de
976 3314 1078 3394 quibus
1101 3313 1165 3373 stri·

180 3395 247 3453 ctim
269 3402 298 3453 et
317 3395 384 3456 nihil
399 3396 475 3457 aliud
490 3415 574 3476 quam
590 3401 749 3459 nominatos
764 3398 800 3460 ab
816 3399 910 3461 indice
925 3401 1094 3478 scripserat,
1110 3413 1166 3476 pro
1217 3399 1222 3454 i

180 3484 343 3556 contempto
371 3497 403 3539 se
427 3479 554 3543 habitum
579 3483 705 3543 fremens
732 3491 870 3563 repetere
894 3481 1023 3562 Capreas
1049 3497 1166 3561 quoquo
