2466 3896
116 200 177 263 122
207 213 237 261 c.
251 211 401 260 sunnonr
415 210 544 268 ramo.
558 211 606 256 on
619 210 703 256 vrrs
718 208 902 256 cussanus
917 207 987 254 mu.
998 206 1065 254 1111.

115 378 197 430 natus
219 366 390 427 Germanico
413 365 488 424 lilius
508 364 605 425 Tiburi
624 364 734 441 lucrat,
759 363 924 443 appellatus
944 362 1054 442 etipse
1073 361 1111 424 G.

117 451 239 519 caesam
262 449 299 508 de
318 449 399 508 cuius
415 448 528 509 amabili
551 449 672 527 pucritia
692 449 899 526 immaturoque
920 446 1000 506 obitu
1019 464 1111 525 supra

115 537 244 596 diximus
276 533 395 593 Plinium
410 535 507 610 arguit
524 535 598 591 ratio
618 541 790 612 temporum
819 531 893 590 Nam
913 532 961 610 qui
981 548 1031 589 res
1044 531 1108 590 Au·

114 620 191 698 gusti
210 618 366 676 memoriae
385 617 559 692 mandarunt,
580 616 778 676 Germanicum
792 624 898 674 exacto
913 614 1064 674 consulatu
1078 617 1110 674 in
1157 661 1162 668 .
1216 641 1217 690 3

116 701 235 765 (biliam
248 703 365 760 missum
379 703 568 778 consentiunt,
579 703 634 760 iam
648 710 716 761 nato
728 699 810 761 Gaio.
825 699 889 758 Nec
905 699 978 758 Plini
994 701 1134 778 opinio-s
1216 691 1217 774 l

115 805 181 847 nem
194 787 346 864 inscriptio
361 803 429 844 arae
445 788 597 863 quicquam
610 783 767 859 aditnent,
802 801 866 842 cum
880 779 1044 862 Agrippina
1060 783 1108 842 bis
1216 781 1217 811 ¹

116 873 144 930 in
166 889 201 930 ca
220 871 343 946 regione
364 869 437 928 litias
460 871 545 928 enixa
565 869 620 943 sit,
644 877 673 926 et
696 867 912 947 qualiscumque
928 875 1028 946 partus
1042 870 1108 926 sine

116 953 176 1014 ullo
190 972 279 1013 sexus
290 953 452 1012 discrimine
462 954 645 1032 puerperium
659 961 792 1027 vocetur,
808 949 887 1029 quod
900 952 1007 1030 antiqui
1020 954 1107 1011 etiarn
1216 969 1217 980 ¹

117 1037 228 1119 puellas
243 1056 360 1117 pucras,
374 1038 449 1096 sicut
462 1045 492 1096 et
509 1053 618 1115 pueros
633 1036 748 1114 puellos
760 1035 932 1094 dictitarent.
967 1033 1055 1095 Extat
1077 1043 1108 1094 et

115 1122 239 1199 Augusti
257 1121 390 1200 epistula,
403 1130 470 1180 ante
484 1138 595 1201 paucos
610 1138 694 1200 quam
707 1119 802 1179 obiret
816 1137 933 1178 menses
948 1117 985 1178 ad
998 1115 1106 1196 Agrip
1119 1135 1146 1176 ιο

117 1208 211 1286 pinum
225 1214 342 1283 neptem
354 1207 394 1265 ita
407 1206 516 1284 scripta
531 1205 568 1264 de
584 1205 654 1265 Gaio
669 1205 728 1264 boc
742 1205 943 1284 (nequeenim
952 1204 1108 1282 quisquam
1216 1273 1217 1292 Χ

116 1293 171 1349 iam
190 1289 263 1349 alius
276 1290 370 1349 tutans
379 1290 493 1349 nomine
508 1291 570 1368 pari
581 1299 649 1348 tuuc
661 1287 841 1367 supererat:)
853 1285 985 1347 hm
996 1286 1109 1347 Goirtne
1216 1297 1217 1362 l

116 1371 183 1435 XV.
202 1371 253 1434 [a.
270 1371 339 1433 loo.
355 1374 385 1433 si
407 1373 454 1433 dii
470 1373 575 1434 colent
592 1380 627 1433 ot
645 1371 791 1432 ducoeent
813 1369 961 1431 Talarius
979 1368 1106 1431 etAsit-
1216 1435 1217 1452 p

116 1458 193 1532 lius,
211 1456 280 1516 beri
296 1475 364 1516 com
384 1456 425 1515 iis
444 1457 597 1516 constitui
640 1455 728 1516 llitto
742 1461 910 1532 praetem
927 1474 996 1516 ormo
1015 1473 1052 1516 co
1067 1473 1108 1515 ec

116 1541 217 1602 ser-cis
229 1540 305 1599 meis
322 1539 480 1613 medicum,
496 1557 583 1617 quon
600 1540 717 1616 scripsi
731 1539 912 1600 Gennorcioo
924 1541 955 1599 ci
970 1539 1062 1600 cellct
1073 1545 1144 1599 utu

116 1624 270 1684 retineret.
306 1621 447 1696 Volebas,
469 1640 539 1680 mco
556 1620 746 1700 Ampiae,
766 1629 797 1682 et
816 1622 909 1683 dabis
926 1641 1055 1702 ορσωι
1074 1629 1111 1683 ut
1216 1687 1217 1702 p

116 1706 225 1767 colem
240 1706 409 1784 perseniae
427 1705 472 1764 od
497 1705 710 1766 Ger-monicum
731 1713 823 1766 mom.
857 1706 980 1768 Abunde
1001 1724 1107 1787 parere
1216 1709 1217 1724 ¹

118 1788 259 1866 arbitror,
280 1806 338 1848 nou
357 1792 487 1867 potuisse
505 1788 544 1848 ibi
567 1792 648 1850 nasci
666 1789 779 1866 Gaium,
801 1808 859 1868 quo
876 1809 970 1870 prope
984 1790 1106 1850 bimulus
1216 1791 1217 1800 ’

118 1874 229 1933 demum
251 1871 407 1952 perductus
426 1873 463 1934 ab
481 1874 553 1933 urbc
574 1875 619 1933 sit.
652 1873 869 1935 versiculorum
886 1892 1001 1954 quoquc
1021 1873 1106 1934 lidem

118 1955 219 2017 eadem
232 1955 306 2016 baec
321 1957 438 2017 eleuant
455 1967 485 2018 ct
496 1975 532 2017 eo
546 1958 671 2034 facilius,
694 1957 770 2036 quod
784 1959 804 2017 ii
819 1961 882 2018 sine
897 1967 1015 2018 auctore
1030 1966 1104 2017 sunt
1114 1975 1142 2016 ao

119 2039 271 2120 Sequenda
286 2050 331 2101 est
345 2043 441 2120 igitur,
465 2060 538 2121 quae
554 2042 618 2103 sola
631 2051 722 2101 restat
736 2041 843 2120 publici
863 2044 1039 2102 instrumenti
1058 2059 1105 2100 au·
1216 2095 1217 2120 p

120 2128 249 2202 ctoritas,
261 2129 431 2204 praesertim
447 2145 511 2186 cum
524 2125 609 2187 Gaius
620 2125 745 2204 Antium,
760 2127 890 2186 omnibus
902 2145 1019 2206 semper
1032 2125 1106 2186 locis

119 2218 204 2288 atque
222 2208 390 2270 secessibus
409 2211 583 2290 praelatum,
607 2227 665 2269 nou
684 2210 768 2270 aliter
789 2229 873 2288 mam
892 2210 999 2271 natale.
1014 2209 1107 2270 solum
1216 2237 1217 2282 l

119 2293 253 2353 dilexerit
265 2293 449 2373 tradaturque
470 2297 555 2355 etiam
568 2293 669 2353 sedem
682 2313 718 2354 ac
732 2293 905 2354 domicilium
920 2296 1030 2374 imperii
1044 2303 1104 2354 tae·

119 2374 166 2435 dio
182 2375 261 2435 urbis
276 2377 433 2437 transferre
452 2395 489 2437 eo
504 2377 675 2438 destinasse.
1113 2397 1140 2439 ec

87 2470 105 2525 9
181 2456 332 2534 Caligulae
346 2477 507 2537 cognomen
520 2464 659 2521 castrensi
675 2463 741 2522 ioco
757 2463 852 2540 traxit,
869 2463 935 2542 quia
950 2462 1102 2540 manipula·

117 2543 163 2603 rio
178 2540 275 2601 babitu
290 2544 365 2603 inter
374 2544 478 2603 milites
489 2545 670 2606 educabatur.
692 2543 778 2624 Apud
789 2564 864 2624 quos
876 2554 1009 2626 quantum
1022 2563 1104 2624 prae·
1216 2609 1217 2616 χ

118 2633 199 2686 terea
215 2643 269 2704 per
281 2625 355 2686 bano
372 2629 605 2690 nutrimentorum
628 2629 861 2690 consuetudinem
882 2647 982 2690 amore
997 2638 1026 2689 et
1040 2647 1104 2706 gra·
1216 2631 1217 2672 l

118 2711 156 2772 tia
170 2709 307 2786 valuerit,
325 2714 446 2772 maxime
462 2715 607 2790 cognitum
620 2722 665 2772 est
681 2732 745 2773 cum
759 2722 826 2793 post
840 2732 992 2773 excessum
1007 2711 1104 2791 Augu·

119 2795 156 2854 sti
169 2794 361 2856 tumultuantis
372 2804 402 2856 et
415 2797 444 2856 in
455 2797 582 2856 furorem
594 2816 686 2876 usque
701 2799 878 2877 praecipites
890 2798 970 2859 solus
980 2797 1048 2858 baut
1057 2797 1104 2856 du·
1112 2811 1138 2852 se

118 2878 167 2937 bie
184 2887 213 2937 et
229 2889 388 2957 conspectu
404 2899 457 2941 suo
472 2882 562 2941 derit.
576 2880 641 2942 Non
656 2883 731 2941 enim
743 2884 822 2960 prius
834 2881 1013 2959 destiterunt,
1024 2899 1106 2961 quam

120 2961 249 3039 ablegari
267 2982 331 3023 eum
352 2966 390 3025 ob
404 2965 554 3026 seditionis
570 2966 730 3044 perieulum
744 2974 773 3025 et
788 2967 817 3024 in
834 2967 995 3044 proximam
1010 2967 1104 3026 civita·

119 3053 176 3105 tem
198 3045 363 3109 demandari
383 3048 662 3118 animadvertissent;
687 3059 754 3109 tuuc
776 3049 888 3108 demum
905 3049 941 3108 ad
960 3049 1104 3128 paeniten-
1216 3087 1217 3096 u

119 3129 186 3188 tiam
199 3133 277 3189 versi
299 3150 440 3212 reprenso
456 3152 491 3192 ac
508 3142 621 3192 retento
637 3133 791 3208 vehiculo,
807 3131 940 3192 iuvidiam
958 3149 1032 3211 quae
1053 3131 1104 3191 sibi

77 3211 205 3273 loberet
220 3213 368 3291 deprecati
389 3226 462 3277 sunt.
506 3214 662 3277 Comitatus
682 3225 727 3276 est
743 3226 853 3294 patrem
874 3225 903 3276 et
922 3218 1041 3291 Syriaca
1057 3232 1136 3276 eur-au

120 3292 275 3373 peditione.
304 3298 388 3358 Unde
409 3319 546 3360 reversus
562 3301 680 3378 primurn
693 3301 722 3358 in
736 3300 845 3377 matris,
861 3299 965 3360 deinde
980 3317 1016 3360 ca
1031 3300 1103 3360 rele-

120 3385 187 3454 gata
208 3378 236 3434 io
256 3376 352 3439 liviae
366 3380 514 3460 Augustae
535 3386 672 3462 proaviae
694 3401 763 3443 suae
786 3383 975 3443 coutubernio
988 3384 1103 3452 mausit;

121 3476 203 3536 quam
219 3458 380 3522 defunctam
396 3475 594 3544 praetextatus
608 3468 772 3526 etiamtunc
787 3483 841 3545 pro
853 3469 957 3526 rostris
971 3465 1102 3528 laudarit.
