2466 3896
149 237 209 300 102
236 249 267 296 o.
280 246 430 296 sunuoru
446 245 573 304 annuo.
589 246 637 292 nn
652 247 736 292 tura
753 246 937 294 cumanum
950 246 1020 292 um.
1033 246 1082 292 111.

148 407 221 466 ciem
236 403 407 463 sacramenti
422 404 451 460 in
467 401 634 480 provincias
647 401 790 478 gravioris
805 400 880 461 caeli
893 400 1053 477 distribuit,
1072 400 1134 461 reli·
1215 367 1216 462 Ῐ

147 507 220 568 quos
235 488 331 564 gentis
346 485 474 546 eiusdem
484 484 533 545 vel
549 485 651 546 similia
666 495 812 545 sectantes
827 483 898 545 urbe
913 487 1072 561 summovit,
1086 484 1135 546 sub

146 589 242 652 poena
264 580 424 650 perpetuae
444 570 590 629 servitutis
609 571 664 628 nisi
686 568 947 649 obtemperassent.
975 569 1092 650 Expulit
1108 580 1136 630 et
1215 603 1216 614 .

145 655 378 733 mathematicos,
400 653 453 715 sed
475 653 696 733 deprecantibus
710 673 746 714 ac
761 673 794 714 se
809 663 899 714 artem
912 653 1058 715 desituros
1072 673 1135 734 pro-
1215 655 1216 716 l

145 740 321 801 mittentibus
337 742 448 800 veniam
463 737 551 798 dedit.
1144 754 1159 792 s
1215 751 1216 812 l

103 838 137 894 37
209 823 242 884 ln
255 827 353 903 primis
366 823 488 885 tuendae
501 825 582 902 pacis
594 841 611 882 a
622 825 797 900 grassaturis
808 840 843 883 ac
854 823 1013 883 latrociniis
1024 823 1135 884 seditio·
1215 823 1216 900 ᾗ

144 927 268 987 numque
289 908 406 970 licentia
426 926 523 968 curam
538 907 645 968 habuit.
673 909 818 968 stationes
831 907 949 966 militurn
963 927 1017 986 per
1031 907 1136 968 ltaliam

145 994 231 1054 solito
253 994 466 1073 frequentiores
482 991 633 1070 disposuit.
660 993 770 1053 Romae
788 1001 884 1052 castra
898 993 1059 1069 constituit,
1079 994 1136 1070 qui-
1215 1027 1216 1030 =

144 1077 199 1138 bus
215 1081 418 1157 praetorianae
436 1076 589 1153 cohortes,
611 1095 706 1153 vagae
722 1086 788 1137 ante
806 1075 835 1136 id
848 1085 961 1156 tempus
977 1085 1007 1136 et
1021 1095 1074 1156 per
1088 1077 1137 1136 ho·

144 1163 229 1242 spitia
245 1162 411 1241 dispersae,
428 1162 652 1222 continerentur.
1148 1177 1177 1217 ro
1215 1181 1216 1248 p

207 1246 367 1326 Populares
393 1245 527 1306 turnultus
554 1254 583 1305 et
603 1254 685 1304 ortos
706 1245 879 1322 gravissime
902 1245 1032 1304 coercuit
1054 1254 1082 1305 et
1102 1263 1140 1305 ne
1215 1251 1216 1332 l

144 1341 297 1392 orerentur
315 1331 417 1391 sedulo
432 1332 518 1391 cavit.
550 1329 647 1390 Caede
662 1331 691 1388 in
705 1329 818 1389 theatro
834 1347 888 1409 per
903 1327 1078 1390 discordiam
1092 1329 1139 1390 ad·
1215 1337 1216 1370 l

144 1417 245 1493 missa,
268 1417 363 1494 capita
384 1415 539 1475 factionum
554 1424 584 1474 et
598 1414 769 1490 histriones,
791 1422 914 1493 propter
929 1431 1004 1492 quos
1021 1413 1130 1474 disside

144 1499 242 1575 batur,
256 1499 414 1576 relegavit,
429 1517 484 1557 neo
496 1508 526 1557 nt
538 1507 694 1559 revocaret
709 1516 840 1577 umquam
851 1498 918 1558 ullis
932 1498 1033 1578 populi
1046 1497 1140 1577 preol-
1215 1543 1216 1590 ,

143 1583 197 1642 bus
224 1584 318 1660 potnit
343 1584 449 1643 evinci.
492 1581 563 1642 Cum
588 1582 751 1644 Pollentina
775 1582 862 1662 plebs
885 1583 969 1643 funus
996 1581 1181 1643 cuiusdamrs
1215 1591 1216 1632 l

144 1666 330 1746 primipilaris
349 1685 407 1726 non
427 1667 507 1745 prius
523 1685 561 1726 ex
575 1667 641 1726 foro
657 1669 800 1743 misisset,
823 1685 907 1746 quam
925 1676 1040 1728 extorta
1054 1685 1140 1746 pecu·

143 1753 190 1810 nia
212 1769 267 1829 per
286 1753 344 1810 virn
361 1750 517 1811 heredibus
538 1749 574 1810 ad
593 1750 793 1828 gladiatorium
808 1771 925 1829 munus,
941 1751 1090 1812 cohortem
1105 1750 1141 1810 ab
1215 1747 1216 1796 ἶ

143 1834 216 1894 urbe
236 1844 266 1895 et
278 1835 362 1895 aliam
377 1854 393 1895 a
409 1834 486 1895 Cotti
502 1853 613 1912 reguo,
629 1835 804 1896 dissimulata
816 1837 926 1896 itineris
945 1853 1047 1912 causa,
1061 1833 1142 1895 dete·
1215 1873 1216 1901 r

144 1922 198 1980 ctis
218 1929 339 1999 repente
354 1921 440 1980 armis
463 1920 738 2001 concinentibusque
755 1920 845 1996 sigms
859 1939 914 2000 per
927 1919 1058 1980 diversas
1073 1937 1142 1998 por·
1215 1919 1216 1984 l

143 2013 187 2065 tas
208 2005 237 2064 in
257 2005 394 2083 oppidum
414 2006 542 2082 immisit,
565 2023 599 2064 ac
614 2014 726 2084 partem
738 2005 877 2064 maiorem
892 2004 990 2084 plebei
1005 2023 1042 2065 ac
1055 2002 1142 2064 decu·
1154 2013 1184 2055 ²0
1215 1998 1216 2042 l

142 2090 254 2150 rionum
273 2092 302 2149 iu
320 2099 462 2170 perpetua
477 2089 593 2149 vincula
613 2091 729 2151 coiecit.
763 2088 904 2149 Abolevit
918 2091 1004 2149 etius
1019 2105 1144 2148 morem·

78 2161 198 2252 (mque
224 2174 383 2252 asylorum,
410 2193 485 2254 quae
510 2193 628 2253 usquam
653 2183 744 2235 eraut.
779 2172 933 2248 Cyzicenis
952 2174 981 2232 in
1005 2175 1085 2233 cives
1105 2163 1201 2256 Q

33 2301 82 2335 W,
104 2258 297 2318 osviolentius
319 2259 459 2336 quaedam
484 2261 561 2320 ausis
586 2257 702 2337 publice
727 2255 891 2317 libertatern
911 2257 1032 2335 ademit,
1058 2273 1147 2336 quam

80 2338 82 2348 '
142 2341 334 2402 Mithridatico
349 2343 429 2403 bello
444 2351 616 2403 meruerant.

205 2425 334 2486 Hostiles
353 2436 463 2504 motus,
485 2427 563 2487 nulla
582 2435 685 2505 postea
703 2426 889 2506 expeditione
911 2435 1065 2504 suscepta,
1087 2437 1188 2504 pera

142 2509 258 2586 legatos
285 2513 478 2589 compescuit,
506 2530 543 2571 ue
562 2529 616 2589 per
640 2528 693 2571 eos
713 2511 827 2590 quidem
847 2511 903 2570 nisi
924 2519 1094 2570 cunctanter
1116 2517 1150 2568 et

142 2595 321 2654 necessario.
357 2595 458 2672 Reges
486 2596 608 2656 infestos
633 2605 846 2675 suspectosque
873 2593 1150 2654 comminationibus

141 2680 233 2755 magis
249 2688 278 2738 et
293 2679 433 2757 querellis
447 2698 530 2758 quam
545 2681 572 2739 vi
586 2681 741 2759 repressit:
764 2679 903 2758 quosdam
918 2697 972 2758 per
989 2677 1150 2738 blanditias

141 2771 227 2841 atque
247 2766 390 2842 promissa
413 2773 560 2824 extractos
580 2763 616 2824 ad
635 2781 744 2825 senon
764 2766 887 2842 remisit,
907 2772 937 2824 ut
950 2761 1152 2823 hiarobodum

142 2845 323 2923 Germanum,
337 2848 546 2927 Rhascupolim
559 2847 717 2924 Thracem,
731 2848 907 2910 Archelaum
922 2847 1149 2928 Cappadocem,
1162 2857 1190 2899 zo
1215 2877 1216 2880 κ

142 2932 222 2991 ouius
237 2935 322 2993 etiam
337 2951 457 3010 reguum
472 2935 501 2992 in
514 2935 634 2994 formam
649 2934 817 3012 provinciae
833 2933 957 3011 redegit.

99 3029 135 3085 38
203 3015 323 3078 Biennio
351 3020 485 3078 continuo
510 3026 578 3097 post
602 3017 735 3096 adeptum
758 3018 908 3098 imperium
931 3017 1036 3098 pedem
1056 3021 1153 3093 porta

141 3116 199 3159 non
215 3102 331 3171 extulit;
352 3104 486 3181 sequenti
502 3111 633 3181 tempore
651 3111 851 3181 praeterquam
866 3105 895 3162 in
908 3103 1072 3182 propinqua
1089 3115 1151 3176 op-

141 3182 208 3259 pida
229 3194 274 3261 et,
299 3203 362 3245 cunr
384 3186 569 3265 longissime,
594 3186 682 3245 Antio
697 3196 780 3246 tenus
794 3205 933 3267 nusquam
947 3186 1031 3261 aluit,
1052 3183 1153 3262 idque

141 3282 262 3341 perraro
284 3278 313 3328 et
326 3288 437 3347 paucos
452 3271 528 3340 dies;
552 3272 680 3348 quamvis
693 3272 859 3348 provincias
878 3289 996 3350 quoque
1012 3278 1041 3328 et
1056 3285 1152 3328 exer·
1164 3274 1191 3315 ³⁵

143 3348 216 3406 citus
235 3353 393 3412 reuisurum
415 3375 447 3414 se
468 3374 557 3434 saepe
580 3355 793 3432 pronuntiasset
814 3365 843 3415 et
863 3373 958 3434 prope
974 3351 1153 3433 quotannis

142 3431 355 3508 profectionem
369 3447 568 3516 praepararet,
586 3436 727 3497 vehiculis
744 3438 979 3518 comprehensis,
996 3453 1152 3497 commea·

141 3512 217 3572 tibus
235 3532 289 3592 per
302 3520 453 3599 municipia
473 3531 502 3580 et
517 3521 647 3582 colonias
663 3521 826 3601 dispositis,
842 3522 877 3582 ad
895 3531 1054 3583 extremum
1071 3531 1154 3583 vota
1209 3541 1216 3562 ³
