2450 3910
155 190 216 252 244
240 202 270 249 c.
284 202 432 250 suenoni
450 203 576 261 sunno.
595 203 642 248 ιιιι
659 203 739 250 viru
760 203 943 250 cussinum
960 204 1028 250 um.
1042 206 1127 254 vur.

156 367 184 417 et
199 360 289 437 ipsius
301 359 407 434 imago.
440 356 614 416 Celebrabat
635 367 662 415 et
686 359 714 415 iu
738 357 853 416 Albano
874 367 944 435 quot
963 359 1044 418 anuis
1059 361 1162 434 Quin·
1212 359 1213 436 ζ

156 444 266 520 quatria
289 442 451 518 Minervae,
478 442 521 499 cui
550 441 706 518 collegium
730 443 903 518 instituerat,
929 461 967 502 en
989 461 1047 522 quo
1072 455 1163 505 sorte
1212 455 1213 460 ’

155 526 231 584 ducti
248 524 414 601 magisterio
432 487 620 602 fungerentur
636 525 814 603 ederentque
838 528 956 585 eximias
981 528 1162 589 venationes

156 618 183 667 et
204 611 338 667 scenicos
362 608 461 700 ludos,
486 627 630 686 superque
655 619 801 669 oratorum
826 628 861 669 ao
883 619 1032 688 poetarum
1058 622 1161 673 certa·

155 693 239 751 mina.
1170 725 1183 764 ι

219 774 402 852 Congiarium
421 777 530 855 populo
550 795 725 836 nummorum
742 786 926 838 trecenorum
944 789 988 839 ter
1001 778 1091 855 dedit,
1115 791 1161 840 at·
1212 811 1213 826 ι

156 877 210 938 que
234 863 308 919 iuter
310 861 501 944 spectacula
527 863 662 920 muneris
674 862 865 960 largissimum
891 864 1014 962 epulum.
1056 865 1213 943 Septi·
1212 861 1213 896 ³

46 979 50 997 t
94 981 97 991 .
154 945 280 1004 montiali
305 961 396 1005 sacro
415 944 543 1024 quidem,
572 947 682 1006 senatui
708 946 855 1024 equitique
880 949 1020 1024 pnnariis,
1053 947 1161 1025 plebei
1212 911 1213 1004 l

154 1029 302 1106 sportellis
323 1048 385 1088 cum
410 1029 532 1088 obsonio
556 1029 729 1106 distributis,
754 1031 862 1088 initium
883 1031 1018 1090 vescendi
1043 1035 1160 1110 primus
1212 1048 1213 1076 ι

153 1113 236 1184 iccit;
256 1112 360 1190 dieque
379 1116 510 1191 proximo
529 1131 612 1172 omne
634 1131 727 1190 genus
745 1131 840 1173 rerum
854 1115 972 1176 missilia
985 1117 1110 1193 sparsit,
1125 1127 1159 1176 et
1170 1131 1193 1171 ιι
1212 1111 1213 1154 l

154 1199 220 1275 quia
243 1216 311 1276 pars
336 1199 427 1256 maior
452 1200 524 1256 intra
549 1198 700 1276 popularia
731 1196 895 1275 deciderat,
931 1201 1158 1279 quinquagenas
1212 1193 1213 1273 l

152 1290 280 1341 tesseras
303 1281 331 1339 in
354 1282 484 1358 singulos
509 1271 617 1340 cuneos
638 1283 781 1358 equestris
807 1300 841 1342 ao
874 1285 1010 1343 senatorii
1042 1282 1158 1343 ordinis
1212 1313 1213 1370 ι

75 1392 104 1412 2
154 1365 357 1443 pronuntiavit.
1212 1377 1213 1438 i

124 1463 142 1517 ι
215 1450 338 1509 Plurima
355 1459 384 1509 et
402 1451 576 1528 amplissima
597 1468 687 1528 opera
705 1450 838 1509 incendio
855 1451 1004 1529 absumpta
1016 1452 1155 1528 restituit,
1212 1449 1213 1516 ff

65 1567 67 1572 .
152 1538 181 1593 in
204 1536 267 1612 quis
287 1543 316 1592 et
336 1532 525 1612 Capitolium,
550 1534 627 1614 quod
647 1553 745 1593 rursus
767 1543 891 1602 arserat;
914 1535 966 1594 sed
985 1537 1078 1594 omnia
1098 1536 1213 1595 sub
1168 1558 1213 1596 ιι

152 1618 233 1676 titulo
246 1625 351 1677 tantum
364 1635 416 1676 suo
436 1636 470 1676 ac
488 1619 551 1677 sine
570 1619 627 1676 ulla
646 1618 758 1696 pristini
776 1619 902 1678 auctoris
918 1621 1065 1678 memoria.
1094 1619 1156 1680 No·
1212 1671 1213 1724 ,

88 1733 117 1740 ·-
152 1719 217 1759 vam
231 1709 323 1760 autem
340 1702 476 1760 excitavit
495 1702 620 1761 aedem
611 1721 639 1760 m
658 1700 801 1781 Capitolio
821 1700 941 1763 Custodi
957 1702 1038 1780 lovi
1061 1713 1090 1762 et
1110 1705 1155 1763 io
1212 1691 1213 1768 l

152 1803 213 1844 rum
232 1784 310 1863 quod
327 1803 401 1843 nunc
417 1784 533 1845 Nervae
551 1795 681 1862 vocatur,
700 1790 767 1845 item
787 1785 904 1848 Flaviae
924 1787 1060 1865 templum
1078 1806 1154 1864 gen-
1212 1791 1213 1796 ’

152 1871 188 1928 ιιι
208 1878 237 1927 et
253 1869 373 1929 stadium
391 1878 420 1928 et
438 1868 538 1930 Odium
557 1879 585 1930 et
604 1869 818 1947 naumachiam,
843 1889 859 1930 e
886 1872 966 1932 cuius
989 1880 1093 1949 postea
1112 1872 1213 1931 ιι-

153 1952 220 2032 pide
250 1955 388 2013 maximus
413 1956 524 2032 circus,
557 1955 666 2015 deustis
699 1956 839 2035 utrimque
868 1956 1023 2032 lateribus,
1054 1965 1213 2023 extro-20}

154 2047 216 2097 ctus
235 2047 289 2097 est.
417 2092 419 2097 .

125 2132 142 2187 6
217 2121 426 2201 Expeditiones
439 2125 540 2203 partim
560 2134 664 2202 sponte
682 2125 821 2203 suscepit,
842 2126 944 2202 partim
962 2128 1153 2184 necessario:
1212 2077 1213 2152 l

140 2203 256 2287 'sponte
268 2208 297 2265 in
320 2206 457 2286 Catthos,
481 2211 649 2268 necessario
682 2225 765 2268 unam
790 2209 820 2266 iu
844 2208 1006 2284 Sarmatas,
1032 2208 1154 2286 legione
1212 2205 1213 2250 ἶ

121 2346 122 2349 ,
153 2310 216 2350 cum
233 2291 331 2368 legato
349 2293 432 2352 simul
451 2311 551 2368 caesa,
570 2292 598 2351 in
617 2287 959 2370 Dacoslduas,primam
982 2292 1080 2370 Oppio
1101 2294 1154 2352 Sa·
1212 2341 1213 2364 ι

151 2373 219 2433 bino
239 2375 383 2435 consulari
394 2394 556 2454 oppresso
579 2375 733 2436 secundam
752 2373 889 2435 Cornelio
903 2375 999 2437 Fusco
1006 2375 1213 2475 ,praete-ss}

153 2465 201 2516 cto
220 2458 377 2518 cohortium
396 2462 658 2538 praetorianarum,
679 2461 725 2518 cui
749 2458 819 2519 belli
845 2477 980 2520 summam
998 2461 1153 2520 commise·
1212 2487 1213 2540 ι

152 2550 205 2602 rut.
233 2540 277 2600 De
296 2541 404 2604 Catthis
419 2543 565 2622 Dacisque
582 2553 648 2623 post
664 2543 743 2603 varia
761 2543 873 2622 proelis
890 2543 1034 2624 duplicem
1054 2546 1154 2604 trium·
1212 2549 1213 2618 }

151 2621 238 2706 phum
262 2627 331 2703 egit
376 2626 420 2686 De
450 2629 586 2688 Sarmatis
615 2629 742 2688 lauream
770 2628 856 2687 modo
889 2627 1056 2707 Capitolino
1087 2627 1154 2687 lovi
1212 2639 1213 2674 1

151 2709 270 2771 rettulit.

211 2794 322 2854 Bellum
339 2795 423 2854 civile
436 2806 542 2856 motum
558 2797 617 2857 aL
634 2795 760 2856 Antonio
769 2797 957 2876 ,superioris
980 2796 1188 2858 Germaniaesu
1212 2767 1213 2878 l

151 2879 296 2958 praeside,
315 2880 441 2940 coniecit
458 2879 564 2940 absens
579 2880 719 2940 felicitate
734 2883 816 2956 mira,
836 2898 899 2940 cum
918 2882 982 2960 ipsa
993 2880 1154 2940 dimicatio·

150 2963 194 3023 nis
213 2964 286 3024 hora
306 2964 451 3023 resolutus
469 2974 592 3042 repente
608 2964 726 3024 Rhenus
748 2966 917 3024 transituras
941 2965 978 3026 ad
995 2964 1155 3024 Antonium
1212 3023 1213 3048 ,

151 3049 253 3146 copias
272 3048 460 3108 barbarorum
477 3049 657 3108 inhibuisset.
701 3048 744 3108 lle
768 3066 824 3126 qua
848 3050 971 3109 victoria
987 3051 1213 3128 praesagiis
1212 3051 1213 3084 l

150 3132 230 3207 prius
262 3150 345 3211 quam
371 3134 475 3192 nuntiis
499 3133 656 3211 comperit,
686 3132 858 3211 siquidem
849 3151 914 3233 ipso
950 3151 1007 3213 quo
1036 3133 1155 3194 dimica·
1212 3159 1213 3241 ι

150 3220 208 3271 tum
232 3225 294 3274 erat
323 3215 369 3276 dle
391 3227 510 3277 statuam
542 3219 604 3277 eius
625 3216 769 3276 Romae
760 3219 881 3294 insignis
904 3218 1001 3296 aquila
1025 3220 1153 3277 circum·
1165 3213 1213 3274 ιι

151 3295 238 3371 plexa
256 3301 350 3374 pinnis
366 3301 522 3378 clangores
540 3301 714 3360 laetissimos
727 3299 830 3368 edidit;
849 3301 995 3380 pauloque
1014 3310 1083 3379 post
1102 3319 1155 3362 oc·
1212 3311 1213 3414 ι

152 3375 241 3434 cisum
253 3380 404 3442 Antonium
423 3384 494 3443 adeo
509 3386 654 3460 vulgatum
670 3393 723 3459 est
743 3393 773 3442 nt
798 3393 883 3461 caput
908 3403 1024 3463 quoque
1044 3384 1156 3464 adpor-
1212 3397 1213 3466 t

150 3465 237 3516 tatum
251 3464 312 3519 eins
333 3465 440 3524 vidisse
462 3486 493 3525 se
513 3467 646 3546 plerique
665 3466 880 3528 contenderent.
