2468 3912
484 209 588 258 arvus
606 210 731 259 numus.
1066 199 1105 259 19

3 419 5 442 Ι
108 367 220 430 moveri
236 365 408 445 quandoque
430 373 566 444 possent,
587 364 720 443 instituit,
745 375 815 445 quot
836 366 916 426 annis
940 367 969 424 in
993 364 1104 425 demor-

3 457 4 462 ’
109 462 221 514 tuorum
238 449 335 511 locum
358 451 466 526 exiis,
491 449 539 527 qui
561 449 676 508 recensi
691 467 749 510 non
770 458 882 528 essent,
906 449 1104 510 subsortitioa

109 543 248 617 praetore
262 535 354 594 lieret.
385 533 540 610 Octoginta
557 541 649 592 autem
666 534 768 594 civium
785 533 899 594 milibus
922 535 951 593 in
967 542 1103 594 transma-
1114 535 1147 590 ta

3 645 26 692 f·
108 623 188 681 rinas
204 618 334 679 colonias
350 616 522 693 distributis,
535 625 565 676 ut
579 616 736 678 exhaustae
753 635 869 698 quoque
880 617 960 678 urbis
972 619 1106 696 frequen-

87 706 150 770 etia
166 711 352 782 suppeteret,
376 703 485 778 sanxit,
509 702 625 779 nequis
642 701 713 762 civis
728 704 819 763 maior
836 703 917 763 annis
938 702 1039 780 viginti
1057 702 1106 761 mi·

110 805 203 849 nosve
221 785 426 864 quadraginta,
443 786 491 864 qui
506 793 686 856 sacramento
702 803 760 845 non
775 795 933 863 teneretur,
945 787 1010 867 plus
1020 786 1107 846 trien·

110 873 160 934 nio
177 873 311 932 contiuuo
326 869 408 930 ltalia
428 869 559 946 abesset,
581 887 635 928 neu
655 870 702 948 qui
719 872 861 930 senatoris
878 871 953 931 filius
969 871 1023 930 nisi
1039 887 1107 930 con·
1124 893 1131 902 .

111 954 270 1018 tabernalis
298 962 345 1013 aut
375 968 473 1014 comes
495 954 676 1031 magistratus
702 972 828 1033 peregre
853 955 1104 1034 proficiscendum

2 1087 11 1112 .
111 1057 187 1102 neve
204 1040 239 1116 ii,
257 1038 305 1116 qui
320 1039 484 1116 pecuariam
499 1038 646 1114 lacerent,
665 1039 756 1098 minus
771 1040 854 1099 tertia
871 1049 953 1118 parte
968 1039 1108 1119 puberum

78 1145 102 1187 ro
113 1126 301 1202 ingenuorum
323 1122 397 1182 inter
418 1130 553 1202 pastores
572 1120 722 1182 baberent.
761 1120 915 1202 Omnisque
939 1123 1106 1184 medicinam

112 1211 223 1271 Romae
248 1205 402 1285 professos
423 1215 452 1266 et
467 1205 627 1268 liberalium
646 1206 746 1266 artium
767 1205 920 1282 doctores,
943 1224 1000 1286 quo
1017 1205 1106 1265 liben-

112 1295 168 1354 tius
191 1300 220 1352 et
238 1291 295 1370 ipsi
315 1288 415 1350 urbem
436 1290 598 1351 incolerent
620 1299 649 1350 et
670 1291 760 1350 ceteri
782 1289 968 1370 adpeterent,
992 1291 1107 1350 civitate

114 1377 240 1437 donavit.
275 1373 320 1445 De
342 1373 472 1453 pecuniis
495 1375 614 1451 mutuis,
643 1373 763 1436 disiecta
788 1392 927 1436 novarum
948 1374 1108 1435 tabularum

3 1505 15 1534 ,,
114 1458 352 1538 exspectatione,
366 1475 440 1536 quae
459 1458 564 1518 crebro
582 1457 768 1536 movebatur,
787 1458 918 1520 decrerit
933 1459 1062 1535 tandem,
1079 1466 1108 1516 ut

80 1558 105 1600 ra
115 1542 263 1606 debitores
279 1541 470 1602 creditoribus
490 1543 705 1603 satisfacerent
722 1561 776 1622 per
797 1544 1024 1604 aestimationem
1040 1559 1107 1621 pos·

114 1628 290 1702 sessionum,
307 1627 404 1704 quanti
421 1644 551 1705 quasque
566 1635 631 1687 ante
647 1626 734 1688 civile
754 1626 862 1688 bellum
878 1634 1108 1707 comparassent,

114 1709 238 1773 deducto
260 1725 386 1769 summae
408 1712 485 1770 aeris
505 1711 608 1788 alieni,
631 1712 655 1771 si
676 1711 743 1790 quid
764 1729 867 1772 usurae
884 1713 997 1772 nomine
1012 1728 1108 1771 nume·

4 1841 5 1844 ,
113 1804 205 1858 ratum
228 1802 275 1854 aut
296 1795 488 1873 perscriptum
508 1795 626 1864 luisset;
647 1814 703 1875 qua
727 1795 897 1856 condicione
922 1805 1022 1874 quarta
1040 1811 1109 1875 pars

115 1881 179 1940 lere
199 1875 301 1937 crediti
321 1877 480 1955 deperibat.
519 1876 628 1938 Cuncta
652 1879 795 1956 collegia,
818 1888 935 1958 praeter
955 1880 1109 1957 antiquitus

79 1978 106 2020 ao
119 1962 288 2038 constituta,
312 1960 452 2021 distraxit.
484 1961 773 2022 Poenaslacinorum
792 1965 884 2032 auxit;
906 1972 935 2022 et
951 1981 1014 2023 cum
1030 1963 1110 2022 locu·

116 2046 212 2126 pletas
228 2061 264 2104 eo
282 2043 396 2105 facilius
411 2043 526 2104 scelere
541 2063 573 2104 se
590 2044 766 2123 obligarent,
793 2045 870 2125 quod
889 2047 1010 2124 integris
1024 2045 1109 2124 patri·

116 2129 217 2192 moniis
232 2127 402 2204 exulabant,
423 2127 599 2208 parricidas,
621 2137 651 2188 ut
668 2127 774 2189 Cicero
788 2129 906 2206 scribit,
922 2129 1007 2189 bonis
1023 2129 1110 2188 omni-

116 2215 184 2292 bus,
204 2212 335 2291 reliquos
354 2211 468 2273 dimidia
489 2222 571 2292 parte
592 2211 728 2273 multavit.
759 2213 808 2273 lus
829 2211 1058 2274 laboriosissime
1076 2219 1153 2276 ac43

2 2303 7 2312 '
117 2297 301 2360 severissime
318 2294 399 2356 dixit.
432 2297 666 2376 Repetundarum
684 2299 835 2358 convictos
850 2299 934 2358 etlam
951 2295 1050 2357 ordine
1066 2314 1111 2358 se·

82 2381 229 2442 senatorio
245 2381 342 2441 movit.
377 2380 497 2441 Diremit
511 2384 624 2461 nuptias
640 2381 779 2461 praetorii
794 2383 863 2459 viri,
887 2382 935 2462 qul
951 2380 1112 2459 digressam

117 2484 134 2528 a
154 2465 256 2526 marito
280 2473 347 2544 post
369 2463 484 2525 biduum
505 2467 599 2526 statim
619 2465 756 2544 duxerat,
777 2466 908 2545 quamuis
930 2467 992 2527 sine
1012 2464 1112 2545 probri

50 2601 54 2614 .
118 2549 286 2628 suspitione.
317 2547 540 2626 Peregrinarum
561 2551 697 2610 mercium
714 2551 844 2628 portoria
862 2551 989 2611 instituit.
1018 2549 1111 2610 Lecti·

119 2650 215 2694 carum
229 2650 326 2710 usum,
346 2633 414 2693 item
431 2631 630 2709 conchyliatae
648 2635 738 2694 vestis
761 2643 789 2694 et
808 2635 1041 2713 margaritarum,
1058 2631 1112 2692 nisi

118 2717 206 2777 certis
221 2716 356 2795 personis
373 2726 402 2777 et
417 2716 557 2777 aetatibus
573 2736 683 2796 perque
700 2728 798 2779 certos
815 2717 892 2796 dies,
916 2718 1029 2781 ademit.
1059 2716 1111 2775 Le-

83 2797 185 2879 sogem
207 2800 364 2879 praecipue
386 2802 588 2880 sumptuariam
614 2805 757 2880 exercuit,
789 2802 937 2882 dispositis
959 2803 1035 2861 circa
1055 2816 1112 2858 ma·

119 2883 224 2945 cellum
237 2883 421 2960 custodibus,
439 2886 487 2964 qui
502 2884 624 2946 obsonia
640 2897 740 2948 contra
757 2887 875 2947 vetitum
891 2887 1047 2946 retinerent
1063 2882 1112 2943 de·

117 2976 325 3048 portarentque
345 2968 444 3046 adse,
466 2968 616 3030 submissis
632 2988 842 3051 nonnumquam
856 2967 1008 3030 lictoribus
1026 2975 1113 3045 atque

12 3121 16 3138 ι
117 3051 268 3129 militibus,
287 3053 350 3132 qui,
373 3055 397 3113 si
425 3071 480 3133 qua
499 3052 635 3114 custodes
657 3054 845 3133 fefellissent,
869 3054 924 3114 iam
943 3052 1113 3132 adpositae

117 3135 242 3196 triclinio
257 3136 412 3197 auferrent.
452 3147 459 3155 “

82 3239 108 3282 aa
178 3218 252 3280 Nam
277 3219 313 3280 de
342 3221 468 3282 ornanda
494 3221 717 3300 instruendaque
741 3222 826 3297 urbe,
856 3222 923 3280 item
944 3219 982 3280 do
1007 3219 1155 3280 tuend044

119 3302 342 3382 ampliandoque
366 3305 488 3384 imperio
508 3305 591 3385 plura
614 3323 649 3366 ac
669 3309 778 3368 maiora
799 3307 829 3365 in
851 3305 914 3365 dies
936 3303 1110 3365 destinabat:

116 3389 146 3448 in
162 3388 262 3467 primis
274 3387 374 3450 Martis
389 3386 541 3468 templum,
558 3399 691 3469 quantum
702 3407 842 3470 nusquam
858 3397 952 3466 esset,
967 3399 1112 3463 extruere,

2 3533 15 3556 ,
116 3471 232 3552 repleto
248 3480 277 3532 et
297 3473 472 3552 conplanato
487 3471 568 3552 lacu,
591 3475 692 3554 inquo
715 3475 901 3538 naumachiae
917 3472 1113 3555 spectaculum

868 3557 910 3621 2*
