2450 3910
457 232 739 285 vtuurmnus.
1026 218 1085 280 221

12 437 22 477 Μ
97 401 193 451 aaran
208 387 492 469 publicanornmque,
512 392 559 468 qui
573 407 706 469 umquam
721 409 755 452 se
770 400 817 452 aut
831 389 942 450 homae
962 387 1088 449 debitum

99 484 147 536 aut
159 477 189 535 in
202 475 249 533 via
263 474 424 551 portorium
437 473 627 553 flagitassent,
644 477 693 535 vix
707 476 757 536 ulli
770 475 917 555 pepercit;
934 472 1088 552 exquibus

100 558 241 638 quendam
267 557 295 616 iu
320 557 385 636 ipsa
412 557 584 619 salutatione
609 560 754 639 supplicio
780 559 911 620 traditum
936 559 1087 636 statimque

98 651 278 718 revocatam,
298 643 409 701 cunctis
425 642 604 704 clementiam
624 642 819 720 laudantibus,
845 661 943 704 coram
966 642 1088 702 interfici

75 728 191 805 siuesit,
208 726 330 787 vallese
348 726 447 786 dicens
463 745 598 805 pascere
612 729 740 800 ocutos·
756 729 874 788 alterius
887 745 1002 807 poenae
1014 727 1087 787 daos

13 848 20 902 p,
97 811 174 873 lilios
191 811 296 872 adiecit
317 810 469 890 deprecari
492 829 547 891 pro
567 822 650 891 patre
674 821 804 873 conatos.
834 811 892 872 Sed
913 820 942 871 et
962 813 1088 891 equitem

12 947 19 986 ,
96 897 133 958 R.
151 895 390 976 proclamantem,
407 914 470 955 cunr
492 906 644 977 raperetur
666 897 702 958 ad
724 913 861 976 poenam:
886 894 984 956 Heres
1003 913 1089 956 meas

12 1033 18 1071 s,
97 982 151 1041 eo!
164 978 303 1042 exhihere
315 982 477 1040 testamenti
490 981 602 1042 tabulas
615 983 723 1059 coegit,
735 990 822 1060 utque
833 981 906 1057 legit
914 979 1088 1040 coheredem

12 1100 19 1148 ;,
97 1065 153 1126 sibi
168 1065 302 1124 libertum
319 1065 381 1123 eius
402 1067 574 1144 ascriptum,
587 1066 717 1164 iugulari
733 1083 797 1125 cunr
809 1064 935 1124 liberto
927 1065 1087 1143 tmperavit.

14 1201 17 1210 .
61 1147 252 1227 ιοριιοιιιιιιι
263 1157 292 1208 et
312 1147 348 1207 de
369 1147 456 1227 plebe
476 1149 514 1209 oh
535 1149 594 1209 id'
586 1169 691 1229 ipsum,
719 1148 795 1230 quod
817 1151 949 1210 Venetae
969 1147 1089 1208 lactioni

12 1227 21 1324 ,
98 1235 180 1296 clare
194 1231 269 1292 rnale
285 1231 425 1310 dixerant,
440 1235 583 1294 interemit
590 1243 780 1314 ,contemptu
795 1235 839 1295 sui
854 1242 884 1292 et
897 1251 971 1293 nora
993 1250 1046 1311 spe
1061 1230 1089 1290 id

12 1370 17 1408 Β
97 1334 187 1380 ausos
212 1318 353 1395 opinatus
388 1316 483 1376 Nullis
510 1327 605 1378 tamen
626 1319 768 1378 infensior
784 1337 868 1396 quarn
882 1317 1046 1377 uernaculis
1060 1324 1089 1375 et

96 1402 315 1477 mathematicis,
329 1409 358 1458 ut
375 1402 496 1480 quisque
512 1395 683 1480 deferretur,
701 1403 854 1464 inauditum
874 1403 968 1480 capite
990 1402 1088 1480 punie-

13 1541 16 1568 ἦ
97 1485 157 1564 bat,
174 1483 377 1559 exacerbatus,
393 1484 475 1564 quod
483 1495 550 1566 post
566 1485 690 1546 edictam
705 1505 795 1565 snum,
811 1505 868 1567 quo
883 1485 1001 1546 iubebat
1015 1487 1087 1544 intra

60 1569 146 1635 tslll.
164 1569 227 1630 Oct.
244 1568 315 1628 urhe
331 1569 472 1650 Italiaque
486 1570 677 1631 mathematici
695 1573 882 1649 excederent,
900 1572 994 1630 statim
1005 1569 1088 1630 libel·

12 1652 20 1748 ξ’
97 1657 144 1717 lus
158 1655 327 1734 propositus
346 1664 401 1732 est,
419 1662 448 1715 et
460 1653 636 1717 Chaldaeos
653 1655 766 1732 dcere,
785 1655 895 1717 bonam
907 1653 1036 1734 factam,
1051 1670 1090 1714 ae

12 1775 13 1790 ι
101 1737 241 1800 Vitellius
256 1737 458 1800 Germanicas
472 1740 556 1800 intra
572 1739 698 1802 eandem
714 1740 924 1802 Calendarum
941 1740 1020 1800 diem
1036 1757 1087 1798 as·

12 1825 13 1900 j
97 1841 192 1904 paam
206 1828 295 1882 esset.
329 1825 489 1902 Suspectus
505 1833 534 1884 et
550 1826 578 1884 iu
593 1833 685 1886 morte
697 1828 793 1886 matris
806 1827 869 1902 init,
886 1827 969 1903 quasi
981 1841 1088 1902 aegrae

96 1907 236 1988 praeberi
252 1906 345 1966 cibam
362 1907 566 1986 prohibuisset,
581 1911 754 1969 vaticinante
771 1907 873 1969 Cattha
889 1909 1026 1986 muliere,
1043 1909 1089 1966 cui

13 2043 16 2060 .
55 2012 83 2054 ar
95 1991 178 2052 velut
192 1990 311 2052 oraculo
326 1991 542 2070 adquieseebat,
559 1995 599 2054 ita
617 1994 728 2053 demum
746 1994 864 2055 firmiter
881 2011 916 2052 ac
933 1992 1090 2051 diutissime

13 2066 17 2082 ’
95 2080 316 2154 imperaturum,
341 2076 365 2134 si
388 2085 539 2155 superstes
561 2078 673 2157 parenti
695 2078 847 2137 extitisset.
891 2074 950 2135 Alii
977 2074 1091 2134 tradunt

95 2165 191 2242 ipsam
212 2160 309 2221 taedio
332 2161 526 2240 praesentium
545 2170 574 2220 et
594 2161 797 2221 imminentium
815 2170 893 2220 metu
912 2175 1055 2230 venenum
1074 2175 1090 2218 a

96 2247 159 2306 lilio
176 2246 360 2324 impetrasse,
378 2243 453 2304 haud
468 2263 536 2305 saue
553 2244 717 2306 difficulter.

160 2328 271 2390 Octavo
286 2329 399 2408 imperii
414 2339 514 2389 mense
530 2330 714 2390 desciverunt
729 2329 764 2391 ah
787 2348 824 2391 eo
846 2330 994 2391 exercitus
1009 2327 1131 2395 noe-15

12 2471 14 2484 ,
58 2441 85 2482 25
98 2417 207 2476 siarum
227 2423 313 2493 atque
333 2413 515 2492 Pannoniae,
540 2416 607 2474 item
630 2434 668 2475 ex
689 2416 884 2476 transmarinis
906 2413 1039 2475 Iudaicus
1061 2420 1091 2472 et

12 2487 15 2504 ¹
96 2499 269 2575 Syriaticus,
285 2516 320 2558 ac
338 2517 406 2578 pars
421 2499 450 2557 in
468 2498 594 2559 absentis
610 2517 678 2578 pars
693 2501 721 2559 in
737 2501 899 2580 praesentis
916 2497 1091 2579 Vespasiani

94 2582 190 2644 verba
211 2585 347 2643 iurarunt.
401 2581 447 2642 dd
469 2583 647 2644 retinendum
668 2603 740 2662 ergo
765 2593 927 2645 ceterorum
947 2583 1091 2644 hominnm

13 2701 17 2708 ‚
96 2667 222 2730 studium
236 2685 271 2726 ae
283 2667 424 2743 latorem,
442 2667 511 2727 nihil
529 2685 587 2727 non
603 2667 717 2748 publice
735 2671 924 2748 privatimque
947 2668 1026 2727 nullo
1042 2664 1090 2726 ad·

94 2753 189 2814 hibito
208 2752 293 2812 modo
311 2751 433 2828 largitus
447 2761 501 2812 est.
530 2751 673 2813 Dilectum
692 2771 807 2833 quoque
826 2772 861 2813 ea
877 2751 1047 2813 condicione
1062 2749 1092 2808 in

54 2856 85 2898 aa
96 2837 173 2898 urhe
190 2837 259 2914 egit,
277 2845 307 2896 ut
322 2837 492 2896 voluntariis
508 2854 566 2897 uon
577 2837 662 2897 modo
675 2839 839 2898 missionem
852 2846 919 2916 post
930 2836 1090 2911 victoriam,

96 2921 253 2984 sedetiam
269 2930 473 2981 veteranorum
489 2922 638 3001 iustaeque
655 2923 772 2982 militiae
794 2919 945 2982 commoda
968 2918 1090 2997 pollice-

93 3015 187 3069 retur.
219 3006 342 3083 Urgenti
361 3006 465 3066 deinde
480 3016 559 3066 terra
574 3009 701 3086 marique
718 3006 795 3067 hosti
812 3005 879 3065 hiuc
894 3005 1011 3064 tratrem
1028 3021 1091 3062 cunr

96 3090 196 3152 classe
211 3107 247 3151 ac
260 3091 400 3150 tironibus
416 3100 445 3152 et
464 3091 652 3168 gladiatorum
673 3109 756 3150 manu
773 3089 926 3169 opposuit,
949 3087 1015 3147 hinc
1036 3085 1090 3146 Be·

94 3177 260 3236 triacenses
276 3177 377 3255 copias
393 3184 421 3234 et
436 3175 541 3246 duoes;
564 3185 649 3255 atque
671 3175 778 3254 ubique
801 3183 848 3234 aut
870 3181 1022 3251 superatus
1044 3177 1092 3232 aut

54 3259 244 3341 reproditus,
259 3261 380 3320 salutem
395 3259 450 3319 sibi
473 3270 501 3320 et
522 3261 614 3321 milies
635 3263 798 3320 sestertium
821 3277 837 3319 a
858 3257 960 3318 Flavio
982 3255 1089 3316 Sabino

94 3345 273 3423 Vespasiani
299 3345 388 3405 fratre
416 3347 543 3424 pepigit;
579 3348 731 3445 statimque
757 3361 810 3426 pro
839 3341 977 3443 gradihus
1001 3341 1091 3402 Palati

92 3429 173 3527 apud
189 3429 357 3507 frequentes
372 3429 494 3507 milites,
517 3430 624 3490 cedere
640 3449 672 3490 se
689 3431 812 3510 imperio
829 3427 906 3507 quod
925 3428 1030 3488 invitus
1045 3443 1090 3485 re-

94 3514 244 3594 cepisset,
268 3515 432 3594 proiessus,
458 3517 568 3576 eunctis
587 3515 810 3576 reclamantibus
830 3533 892 3575 rem
911 3512 1033 3589 distulit,
1056 3527 1092 3570 aa

12 508 22 562 i

12 609 28 646 l·-

12 692 21 732 t

12 776 20 816 a
