2434 3908
437 183 644 267 PRAEFATIO.
879 217 992 266 LXXIX

84 382 117 439 ab
132 399 154 437 a.
173 384 242 440 1472
265 377 416 451 impressas
440 379 509 435 Hain
530 385 673 434 enumerat
694 395 738 434 no.
755 384 823 438 6382
839 395 901 450 sqq.
947 367 990 434 oe

85 464 252 522 emendanda
268 463 340 518 bene
356 470 516 519 meruerunt
529 457 988 536 ucbertusstepnaausbm.1529

13 605 14 608 ,
85 547 281 605 etFridericus
296 547 519 618 lindenbrogius
537 565 562 603 a.
579 553 661 615 1602,
685 554 802 618 uterque
824 546 939 603 Parisiis
961 553 989 602 et

83 632 213 690 Parisinis
229 629 363 687 subsidiis
379 648 456 686 usos.
502 631 536 686 Et
550 632 679 703 plurima,
697 631 750 686 nisi
770 632 860 687 omnia
878 631 988 702 fallunt,

84 717 172 774 codici
189 715 277 786 Regio
292 720 362 774 7920
376 714 454 771 Sacc.
469 715 517 772 111.Ι
532 717 697 785 debuerunt,
713 732 792 786 quem
808 731 862 786 ego
879 731 988 787 quoqne

83 799 277 858 benevolentia
301 799 425 856 lacobi
446 799 630 855 Hunnilrer
655 798 870 869 diligentissime
898 800 971 856 colla

83 893 137 942 tum
154 883 248 940 habui.
292 882 359 938 Eius
376 883 441 938 libri
455 890 529 940 tauta
546 889 590 938 est
603 885 792 955 praestantia,
814 891 844 938 ut
861 884 907 939 vel
922 889 989 955 post

12 1001 13 1008 ι
84 970 251 1041 Stephanum
280 974 309 1023 ct
336 967 571 1038 lindenbrogium
588 969 723 1024 bonarum
744 968 894 1023 lectionum
921 967 987 1023 mihi

83 1070 191 1126 quoque
217 1051 394 1124 spicilegium
412 1052 539 1107 relictum
561 1051 645 1107 luerit
660 1051 872 1122 haudquaquam
888 1051 987 1123 pacni-

12 1181 13 1198 ι
83 1139 202 1194 tondum.
233 1135 293 1192 lion
310 1136 378 1190 nulli
394 1136 456 1191 usui
474 1137 526 1191 luit
539 1143 567 1190 et
577 1134 796 1204 Lindenbrogio,
808 1141 836 1189 ut
846 1136 987 1206 suspicor,

83 1220 191 1278 etmihi
207 1221 279 1277 alter
296 1220 387 1276 codex
400 1219 542 1276 Parisinus
557 1225 624 1280 7921
640 1221 720 1276 Sacc.
736 1218 795 1273 XV.
811 1220 987 1286 chartaceus,

12 1299 13 1304 ’
83 1306 117 1362 ab
134 1305 231 1360 ecdem
248 1303 337 1360 amico
351 1303 537 1368 examinatus;
553 1305 603 1359 scd
617 1304 642 1359 is
652 1309 776 1359 veterum
793 1295 989 1374 editionumffi)

82 1396 136 1444 tarn
157 1389 257 1444 similis
278 1395 335 1456 est,
360 1394 389 1441 ut
411 1388 581 1444 emendantis
606 1387 725 1444 studium
745 1405 841 1460 parum
864 1386 986 1442 adiuvet.

84 1473 260 1544 Eandemque
280 1470 424 1526 Leidcusis
446 1470 554 1528 codicis
569 1473 705 1528 rationem
729 1489 792 1528 csse
809 1473 843 1528 ab
859 1471 987 1526 Ritsche-

82 1559 122 1614 lio
138 1549 245 1612 certior
260 1555 350 1610 lactus
369 1571 442 1619 sum;
466 1572 527 1611 naun
543 1556 578 1611 dc
593 1556 735 1612 Theodori
750 1553 987 1613 ltcendermakeri

82 1638 259 1698 Ultraieetini
277 1640 403 1710 exemplo
422 1639 490 1694 nihil
509 1640 544 1695 ud
559 1641 751 1697 Terentianum
766 1641 850 1696 vitam
857 1640 987 1694 Wcster-

81 1721 184 1784 hovius
203 1721 303 1776 attulit.
348 1721 476 1787 Ceterum
492 1723 537 1779 hic
554 1725 685 1780 brevitati
703 1741 737 1782 eo
763 1725 852 1796 magis
873 1723 988 1781 studere

81 1806 191 1876 licebit,
208 1804 282 1875 quod
294 1811 322 1860 et
333 1806 367 1862 de
382 1823 484 1863 summa
502 1825 533 1862 re
547 1809 646 1864 critica
661 1815 690 1863 et
704 1809 738 1864 de
751 1809 870 1879 singulis
884 1806 988 1880 pleris-

83 1908 137 1964 que
154 1888 298 1962 copiosius
315 1890 435 1961 exposui
452 1892 481 1945 in
494 1891 589 1948 lluseo
604 1893 736 1947 Rbeuunc
755 1898 790 1982 12
803 1910 830 1963 p.
843 1896 910 1960 174,
933 1905 990 1961 quo

83 1975 227 2032 studiosos
243 1973 366 2029 lectores
382 1974 495 2043 delego.
529 1974 684 2030 llcmincrit
695 1975 787 2045 ¹igitur
805 1975 851 2044 qui
866 1976 920 2030 hoc
939 1990 988 2028 ex-

84 2059 201 2129 emplum
218 2073 278 2112 cum
295 2056 437 2129 prioribus
454 2058 584 2113 conferre
598 2059 684 2128 volet,
699 2075 831 2128 nusquam
849 2057 989 2113 Parisino·

83 2158 145 2198 rum
162 2141 286 2198 codicum
307 2158 341 2199 ac
355 2141 507 2215 praecipue
524 2141 686 2198 vetustioris
708 2140 900 2197 auctoritatem
917 2157 932 2196 a
947 2155 990 2194 me

83 2228 223 2283 desertam
239 2242 303 2282 esse
316 2226 370 2281 uisi
386 2227 494 2283 lectore
510 2225 625 2282 monito.

12 2297 14 2314 ι
147 2315 215 2380 292,
232 2316 249 2368 2
263 2313 356 2366 serviit
369 2327 423 2382 ego
440 2327 492 2383 pro
508 2312 592 2366 serait
606 2310 653 2366 vel
670 2311 779 2366 carcium
797 2308 801 2378 Ι
820 2310 887 2370 tait
900 2307 991 2363 Aldus

83 2411 109 2451 a.
124 2398 192 2454 1517
208 2408 261 2467 pre
274 2400 314 2450 cst
332 2388 338 2472 1
357 2400 372 2455 7
391 2395 431 2450 cd
444 2395 580 2450 domiuum
594 2395 750 2452 Romanum
765 2391 989 2450 lacGronovius.

84 2478 190 2533 adduci
209 2477 328 2533 Remum
344 2478 433 2550 abique
451 2481 545 2535 uenire
566 2479 712 2552 Schopen‚
735 2479 787 2535 cir.
813 2497 841 2551 p.
859 2483 926 2548 265,
945 2482 989 2536 20.

84 2561 193 2618 Gellius
209 2568 237 2632 5,
253 2567 297 2631 14,
313 2567 348 2622 26
366 2556 372 2639 1
392 2570 424 2626 17
439 2579 530 2619 vocem
544 2565 663 2620 diuinum
678 2565 801 2620 bluretus
819 2581 844 2619 a.
857 2571 925 2622 1555
937 2577 993 2633 pro

81 2661 177 2702 vocem
192 2645 256 2700 dum
275 2650 301 2701 et
315 2646 361 2703 vel
376 2662 441 2702 voce
456 2649 546 2704 dictae
565 2641 570 2726 Ι
591 2655 624 2710 18
637 2650 748 2705 Philam
764 2664 818 2720 ego
834 2663 886 2720 pro
904 2647 989 2718 firum

82 2729 130 2785 vel
144 2728 253 2802 surium
270 2720 277 2807 1
296 2737 329 2791 19
344 2730 378 2785 ob
393 2731 468 2787 bisce
482 2731 581 2789 hldus.
624 2733 668 2789 nd
684 2735 809 2790 lacunam
824 2730 991 2802 explendam

76 2819 200 2886 propter
221 2810 283 2889 (vel
306 2811 354 2889 ob)
377 2832 484 2871 morum
510 2817 685 2886 elegantium.-
712 2816 797 2872 Redis
824 2812 990 2880 addiderim,

82 2897 138 2952 clr.
152 2897 222 2956 blus.
238 2898 324 2953 llhen.
345 2904 379 2956 12
399 2917 425 2972 p.
444 2905 493 2960 187
520 2893 525 2977 Ι
548 2905 582 2958 23
596 2899 734 2956 Mortuust
751 2896 912 2972 Stymphale
933 2910 991 2966 ego

12 2617 28 2650 ia

156 3077 204 3142 65)
230 3079 295 3130 Num
321 3081 388 3144 quod
414 3081 440 3130 in
466 3081 555 3132 Museo
582 3079 702 3130 Rhananc
730 3079 763 3130 12
786 3097 811 3146 p.
838 3079 888 3130 174
912 3078 990 3128 modo
1011 3088 1013 3093 ’

82 3146 230 3213 suspicatus
249 3163 318 3199 eram
331 3150 412 3200 videri
424 3149 557 3199 Erasmum
572 3149 634 3200 nihil
651 3149 700 3198 nisi
717 3147 838 3214 Stephani
854 3147 991 3197 editionem

80 3215 224 3282 repetisse,
247 3218 273 3268 id
289 3226 378 3284 postea
398 3219 434 3268 ita
449 3234 478 3269 se
491 3219 584 3269 habere
603 3219 718 3284 cognovi
756 3216 899 3282 Stephanus
922 3216 989 3265 enim

80 3299 117 3334 ex
143 3286 224 3336 veteri
247 3288 334 3338 codice
354 3287 446 3338 Donati
467 3297 633 3338 commentum
658 3286 743 3336 multis
763 3286 825 3336 locis
846 3285 990 3351 castigavit,

80 3351 208 3406 Erasmus
223 3357 331 3422 paucula
343 3357 425 3408 modo
441 3364 466 3406 et
484 3373 517 3406 ex
531 3357 634 3423 ingenio
652 3355 765 3405 mutavit.

154 3422 201 3487 66)
231 3423 327 3484 Quibus
352 3431 378 3476 ln
405 3424 566 3477 conferendis
593 3441 633 3475 me
662 3426 812 3475 adiuverunt
837 3424 992 3474 amicissime

12 3521 14 3530 ‚
79 3491 987 3546 loconestindelBernasetGustavusBeclrerLdbccensis.

12 3545 19 3868 l
