2466 3896
151 145 208 210 128
249 157 576 216 c.SUETON1TRANQ.
591 159 733 206 osvruu
747 160 929 208 cesennam
948 159 1017 206 ΜΒ.
1029 159 1092 206 1111.

106 319 137 374 21
210 313 307 393 Opera
329 311 381 370 sub
396 312 513 372 'liberio
530 312 750 390 semiperfecta,
770 313 905 392 templum
918 311 1041 389 Augusti
1058 310 1134 372 thea-
1220 253 1221 326 1

149 408 278 475 mumque
294 395 427 474 Pompei,
450 394 582 455 absolvit.
624 395 773 456 lnohoavit
792 405 885 457 autem
910 395 1135 474 aquaeductum
1220 429 1221 460 r

147 482 268 556 regione
292 478 402 539 Tiburti
431 487 460 538 et
490 478 723 557 amphitheatrum
751 482 827 540 iuxta
859 481 982 557 Saepta,
1016 496 1135 557 quorum

148 580 296 642 operuma
312 580 483 622 successore
507 565 568 622 eius
585 561 703 623 Claudio
726 563 844 623 alterum
863 571 1025 642 peractum,
1049 564 1134 622 *omis-

147 665 208 708 sum
223 646 342 706 alterum
360 655 412 705 est.
452 636 763 726 syracusistoontapsa
777 655 918 707 vetustate
939 647 1049 706 moenia
1064 646 1154 707 deo-s

145 747 264 808 rumque
293 729 381 790 aedes
406 729 544 790 relectae.
589 728 791 791 Destinaverat
819 741 847 790 et
875 731 949 790 Sami
974 727 1148 808 Polycratis!
1220 749 1221 752 ¹

145 815 256 889 regiam
282 815 451 890 restituere,
470 813 558 873 lllileti
577 812 744 888 Didymeum
765 831 923 893 peragere,
949 815 977 872 in
997 815 1064 891 iugo
1083 812 1133 873 Al·

146 897 222 976 pium
242 896 340 955 urbem
355 897 504 973 condere,
532 897 669 956 sedante
698 900 791 959 omnia
819 896 952 957 Isthmum
977 899 1005 956 in
1024 896 1135 957 Achaia

147 979 319 1059 perfodere,
343 982 515 1058 miseratque
537 981 589 1040 iam
614 980 649 1039 ad
668 980 866 1041 dimetiendum
887 998 959 1059 opus
980 981 1134 1060 primipila-

104 1073 217 1125 ttrem.
248 1062 392 1124 llactenus
414 1066 494 1143 quasi
522 1063 558 1123 dc
586 1065 730 1143 principe;
760 1065 869 1143 reliqua
898 1073 927 1122 nt
952 1063 987 1124 de
1004 1073 1132 1124 monstro
1143 1086 1172 1126 ro
1220 1081 1221 1086 ’

146 1148 285 1208 narranda
301 1156 373 1208 sunt.

211 1230 411 1310 Compluribus
435 1231 650 1307 cognominibus
671 1229 825 1309 adsumptis
853 1233 933 1310 (nam
950 1239 978 1290 ct
998 1231 1082 1309 pius
1105 1238 1135 1289 et
1220 1243 1221 1282 t

146 1326 350 1377 castrorum
372 1314 482 1374 filius
504 1323 533 1374 et
554 1323 659 1393 pater
681 1317 913 1376 exercituum
934 1323 963 1373 et
980 1314 1134 1392 optimus

143 1402 316 1461 maximus
339 1397 475 1459 Caesar
498 1397 671 1475 vocabatur)
702 1416 763 1458 cum
792 1397 902 1459 audiret
926 1399 1002 1457 forte
1032 1413 1132 1473 reges,

144 1485 192 1563 qui
208 1483 295 1542 officii
312 1500 397 1543 causa
419 1483 447 1540 in
465 1480 564 1540 urbem
584 1481 772 1559 advenerant,
795 1483 987 1541 concertantis
1005 1499 1020 1540 a
1041 1479 1080 1539 ud
1099 1497 1132 1539 se
1141 1499 1171 1540 1⁵
1220 1536 1221 1566 ,

144 1584 231 1644 super
248 1583 363 1627 caenam
384 1564 421 1624 de
437 1562 583 1624 nobilitate
605 1567 739 1642 generis,
763 1565 950 1627 exclamavit:
978 1565 1010 1624 E
1022 1583 1038 1634 ς
1058 1562 1133 1624 κοί-
1220 1579 1221 1582 ’

93 1674 96 1680 ·
143 1667 245 1728 pavos
265 1647 362 1726 ἔστω,
388 1634 433 1717 εἷς
448 1638 622 1724 βασιλεύς]
649 1665 704 1707 nec
724 1647 837 1708 multum
858 1649 927 1709 aluit
948 1649 1014 1727 quin
1038 1648 1132 1707 statim

144 1731 271 1792 diadema
292 1739 417 1791 sumeret
440 1733 624 1808 speciemque
649 1732 826 1810 principatus
850 1734 879 1791 in
908 1732 991 1809 regni
1011 1731 1132 1791 formam

145 1823 338 1876 converteret.
372 1815 479 1874 Verum
502 1813 675 1891 admonitus,
698 1824 726 1874 et
748 1817 907 1894 principum
927 1823 956 1874 et
976 1831 1077 1890 regum
1098 1831 1130 1873 se

144 1900 307 1960 excessisse
331 1897 491 1975 fastigium,
524 1898 645 1958 divinam
672 1917 710 1958 ex
734 1916 770 1958 eo
794 1901 969 1959 maiestatem
997 1915 1131 1957 asserere
1140 1921 1171 1962 ac

143 1983 197 2044 sibi
224 1983 337 2060 coepit;
369 1981 492 2060 datoque
522 1984 639 2060 negotio
668 1991 697 2042 ut
724 1983 874 2044 simulacra
901 1983 1040 2042 numinum
1064 1980 1130 2040 reli·

143 2068 230 2145 gione
252 2075 280 2125 et
302 2074 363 2126 arte
384 2067 551 2145 praeclara,
581 2067 655 2126 inter
675 2085 748 2146 quae
769 2065 882 2145 Olympi
900 2064 993 2142 lovis,
1024 2081 1130 2143 appor-

142 2159 268 2210 tarentur
284 2168 301 2208 e
318 2149 453 2225 Graecia,
483 2149 585 2228 quibus
605 2153 699 2229 capite
719 2151 834 2230 dempto
859 2168 938 2210 suum
958 2151 1131 2228 imponeret,

142 2241 252 2312 partem
267 2232 367 2294 Palatii
383 2232 418 2293 ad
438 2233 530 2292 forum
548 2252 638 2312 usqne
659 2236 817 2312 promovit,
839 2242 924 2312 atque
941 2232 1013 2293 aede
1029 2230 1130 2291 Casto·

140 2318 180 2374 ris
197 2324 226 2376 et
242 2316 367 2376 Pollucis
383 2318 410 2374 in
427 2315 596 2377 vestibulum
612 2319 827 2395 transfigurata,
855 2318 1016 2376 consistens
1039 2331 1172 2393 saepeas

141 2399 214 2456 inter
233 2399 338 2459 iratres
359 2399 445 2474 deos,
474 2399 595 2459 medium
618 2399 789 2461 adorandum
809 2419 842 2460 se
863 2399 1030 2459 adeuntibus
1050 2398 1131 2458 exhi·
1220 2419 1221 2457 l

141 2480 243 2550 bebat;
280 2490 309 2541 et
331 2481 443 2560 quidam
465 2501 527 2542 eum
551 2483 732 2544 Latiarem
758 2483 880 2543 lovem
908 2482 1131 2544 consalutarunt.
1220 2479 1221 2564 l

141 2563 291 2643 Templum
311 2567 395 2625 etiam
415 2568 519 2625 numini
541 2583 593 2625 suo
621 2570 767 2646 proprium
788 2576 817 2626 ct
843 2568 1011 2628 sacerdotes
1030 2574 1060 2626 et
1079 2583 1130 2624 ex·
1220 2587 1221 2634 j

142 2649 363 2725 cogitatissimas
387 2649 495 2709 hostias
512 2651 638 2709 instituit.
681 2650 842 2729 intemplo
867 2651 1045 2710 simulacrum
1072 2657 1130 2709 sta·
1220 2651 1221 2728 ,

139 2731 189 2791 bat
209 2750 325 2792 aureum
347 2733 503 2810 iconicum,
533 2734 773 2812 amiciebaturque
797 2734 902 2794 cotidie
923 2743 1021 2810 veste,
1052 2731 1174 2811 qualisa

139 2816 203 2893 ipse
225 2824 362 2876 uteretur.
406 2816 571 2894 lllagisteria
599 2817 752 2878 sacerdotii
773 2817 926 2879 ditissimus
950 2819 1072 2895 quisque
1101 2825 1132 2875 et

140 2899 292 2959 ambitione
315 2909 344 2959 et
363 2899 520 2961 licitatione
542 2903 662 2962 maxima
684 2900 794 2961 vicibus
820 2899 1032 2980 comparabant.
1069 2899 1130 2959 llo·

140 2984 211 3042 stiae
229 2991 310 3044 erant
330 2983 568 3063 phoenicopteri,
600 3002 744 3064 pavones,
770 2993 930 3061 tetraonas,
959 2982 1130 3058 numidicae,

139 3065 345 3143 meleagrides,
377 3066 547 3144 phasianae,
570 3086 644 3147 quae
661 3069 818 3146 generatim
840 3087 894 3148 per
914 3067 1044 3145 singulos
1064 3065 1130 3126 dies

139 3147 359 3209 immolarentur.
401 3150 439 3211 Et
467 3151 598 3210 noctibus
629 3151 741 3230 quidem
770 3151 882 3230 plenam
912 3152 1173 3228 fulgentemqucss

138 3227 231 3288 lunam
251 3233 387 3294 invitabat
406 3234 518 3295 assidue
539 3237 567 3294 in
591 3235 738 3314 amplexus
762 3242 846 3313 atquc
869 3234 1064 3310 concubitum,
1086 3234 1130 3293 in-

138 3311 230 3370 terdiu
244 3332 315 3374 vcro
331 3335 394 3377 oum
409 3316 571 3395 Capitolino
592 3318 662 3379 love
684 3325 799 3378 secreto
821 3318 1015 3395 fabulabatur,
1041 3317 1131 3378 modo

138 3393 317 3456 insusurrans
332 3417 367 3459 ac
387 3401 529 3479 praebens
544 3403 572 3460 in
591 3405 684 3462 vicem
705 3419 818 3478 aurern,
847 3401 932 3463 modo
949 3402 1054 3464 clarius
1071 3419 1131 3464 neo
