2450 3910
142 222 201 288 178
256 234 285 282 c.
302 232 450 282 suurour
466 231 591 290 ranno.
607 231 655 278 nn
669 232 751 278 vmn
766 230 949 279 cassanum
961 231 1029 277 nus.
1042 230 1089 276 vu.

1210 314 1211 378 l

142 391 226 452 tinuis
242 397 309 468 post
329 407 445 448 caenam
464 387 576 448 canenti
593 388 621 445 in
635 387 749 446 murltam
765 394 878 446 noctem
900 386 1044 462 assidens,
1065 403 1135 465 pau·

140 475 219 536 latim
231 481 261 534 et
276 473 339 552 ipse
354 472 483 532 meditari
503 471 693 550 exercerique
710 472 817 548 coepit,
830 488 924 548 neque
941 488 1040 529 eorum
1055 471 1135 549 quic-

84 573 86 577 ’
142 575 225 638 quam
246 559 396 632 omittere,
419 573 492 635 quae
515 555 633 632 generis
645 556 706 614 eius
718 554 845 615 artifices
856 554 903 613 vel
917 553 1135 614 conservandae
1211 593 1212 604 κ

142 644 224 702 vocis
242 656 334 701 causa·
345 639 393 699 vel
408 639 557 718 augendae
573 639 748 707 factitarent;
768 636 820 697 sed
834 645 864 697 et
878 638 1040 717 plumbeam
1053 639 1134 698 char-

142 737 199 788 tam
217 726 335 804 supinus
358 732 479 803 pectore
501 724 657 799 sustinere,
679 730 708 781 et
730 722 857 796 clystere
878 723 1044 801 vomituque
1068 737 1159 800 pur-a

143 810 221 889 gari,
245 818 274 869 et
289 807 433 868 abstinere
450 808 541 885 pomis
559 806 688 885 cibisque
712 805 920 876 officientibus;
941 805 1034 867 donec
1055 806 1136 866 blan·

143 894 238 954 cliente
254 893 387 971 proiectu
404 893 589 970 (quamquam
605 893 728 968 exiguae
744 891 826 949 uocis
838 899 867 949 et
881 890 997 968 fuscae)
1016 889 1136 969 prodire

143 980 170 1038 in
186 994 301 1038 scenam
319 977 475 1055 concupiit,
497 974 617 1035 subinde
637 975 712 1033 iuter
731 973 886 1034 familiares
902 974 1043 1036 Graccum
1066 990 1136 1054 pro·

142 1062 271 1122 verbium
285 1063 406 1132 iactans,
422 1060 562 1121 occultae
577 1058 714 1119 mustene
730 1057 846 1118 nullom
862 1076 930 1119 esec
952 1065 1135 1138 respectum.

63 1183 103 1200 ---
143 1146 180 1206 lit
194 1145 290 1226 prodit
303 1143 427 1223 Neapoli
442 1146 577 1222 primum,
600 1161 635 1202 ac
655 1161 691 1201 ne
713 1159 856 1202 concusso
879 1143 992 1222 quidem
1011 1151 1134 1222 repente
1145 1157 1171 1198 ro

143 1239 328 1290 motuterrae
344 1229 455 1288 theatro
470 1237 535 1288 ante
552 1236 667 1288 cantare
683 1224 797 1304 destitit,
813 1245 896 1305 quam
911 1227 1072 1288 inchoatum
1086 1226 1135 1286 ab·

144 1314 272 1376 solveret
292 1330 406 1372 nomon.
420 1313 431 1378 l
444 1311 553 1372 lbidem
572 1313 688 1390 saepius
711 1319 739 1370 et
761 1329 815 1389 per
830 1311 996 1391 complures
1011 1312 1136 1372 cantavit

144 1399 220 1468 dies;
236 1405 349 1476 sumpto
366 1397 449 1456 etiam
466 1397 501 1456 ad
520 1395 704 1456 reficiendam
718 1413 820 1456 vocem
833 1396 914 1457 brevi
926 1406 1068 1475 tempore,
1084 1396 1134 1454 im-

144 1484 254 1563 patiens
274 1483 381 1541 secreti
403 1499 418 1540 a
440 1480 560 1540 balineis
578 1482 606 1539 in
623 1479 763 1540 theatrum
786 1481 913 1557 transiit,
935 1479 1086 1559 mediaque
1106 1481 1135 1538 in

125 1613 128 1646 ,
145 1566 294 1627 orchestra
308 1565 458 1642 frequente
476 1565 586 1643 populo
599 1563 743 1643 epulatus,
760 1564 791 1624 st*
798 1565 927 1642 paulum
939 1563 1172 1640 reddidissemus

100 1665 126 1722 ᾖζ
145 1647 264 1728 aliquid
289 1665 323 1708 se
343 1645 463 1728 arcffcrtt¹
484 1649 659 1709 tinniturum
687 1648 799 1710 Graeco
831 1667 965 1710 sermone
995 1649 1134 1729 promisit.

146 1732 252 1810 Captus
276 1741 369 1792 autem
390 1731 543 1792 modulatis
563 1732 823 1793 Alexandrinorum
843 1733 1063 1810 laudationibus,
1087 1733 1136 1811 qui

145 1817 180 1878 de
202 1833 280 1875 novo
302 1825 460 1877 commeatu
477 1815 630 1894 Neapolim
652 1817 864 1895 conduxerant,
889 1819 988 1897 plures
1007 1817 1134 1878 Alexan·
1202 1811 1216 1888 g

145 1901 205 1961 dria
220 1901 362 1960 evocavit.
384 1900 514 1979 ,tNeque
535 1918 571 1960 eo
594 1903 713 1978 segnius
737 1901 971 1964 adulescentulos
992 1903 1135 1983 equestris

144 1983 252 2047 ordinis
267 1993 296 2044 et
312 1987 436 2063 quinque
453 1985 574 2064 amplius
589 1986 665 2046 milia
678 2005 695 2045 e
707 1985 794 2065 plebe
809 1985 1026 2048 robustissimae
1037 1989 1134 2046 iuven·
1144 2001 1172 2042 so

143 2071 209 2132 tutis
223 2069 347 2146 undique
364 2069 462 2146 elegit,
480 2071 527 2148 qui
543 2069 625 2130 divisi
642 2070 843 2147 iniectiones,
861 2072 1009 2150 plausuum
1024 2087 1135 2148 genera

145 2153 346 2238 condiscerent
367 2152 505 2234 (bombos
526 2163 555 2213 et
574 2153 707 2214 imbrices
729 2164 757 2215 et
778 2163 868 2216 testas
887 2153 1045 2230 vocabant)
1063 2170 1134 2233 ope-

72 2293 75 2300 .
132 2255 262 2317 ,ramque
280 2246 419 2296 navarent
436 2239 560 2298 cantanti
575 2238 639 2316 sibi,
658 2239 787 2315 insignes
802 2239 988 2318 pinguissima
1009 2255 1090 2298 coma
1106 2247 1136 2296 et

131 2322 390 2381 'excellentissimo
406 2322 506 2381 cultu*
528 2323 625 2401 pueris
643 2341 678 2382 ac
692 2324 755 2382 sine
775 2319 869 2384 anulo'
881 2323 993 2400 laeviis,
1015 2339 1135 2401 qnorum

145 2404 234 2464 duces
250 2404 445 2482 quadringena
461 2407 537 2466 milia
553 2407 686 2467 sestertia
700 2408 856 2468 merebant.
1146 2419 1172 2459 2⁵

39 2489 60 2520 ·“
103 2495 136 2548 at
209 2485 279 2546 Cum
293 2489 388 2566 magni
403 2493 565 2551 aestimaret
582 2501 697 2551 cantare
718 2493 804 2553 ctiam
822 2471 946 2569 lidmae,
969 2489 1136 2552 Neroneum

145 2589 239 2649 agona
268 2581 332 2631 ante
367 2575 562 2649 praestitutam
588 2575 663 2635 diem
691 2577 856 2654 revocavit,
884 2575 1136 2655 flagitantibusque

147 2656 255 2715 cunctis
271 2655 427 2716 caelestem
446 2675 547 2718 vocem
561 2659 712 2738 respondit
727 2660 840 2739 quidem
859 2660 892 2721 in
909 2661 1007 2722 bortis
1031 2679 1063 2720 se
1086 2677 1135 2719 co·

145 2742 220 2819 piam
234 2739 397 2800 volentibus
413 2741 568 2820 iacturum,
585 2744 638 2804 sed
652 2744 803 2805 adiuvante
824 2745 903 2822 uulgi
924 2763 1029 2824 preces
1051 2745 1136 2804 etiam

145 2824 267 2884 statione
282 2823 410 2902 militum,
427 2844 501 2904 quae
515 2837 582 2887 tunc
595 2828 766 2905 excubabat,
783 2836 1086 2907 repraesentaturum
1102 2847 1135 2887 se
1145 2843 1173 2884 oo

145 2906 291 2987 pollicitus
307 2918 351 2967 est
366 2908 474 2980 libens;
497 2929 532 2971 ac
548 2913 609 2972 sine
626 2931 707 2973 mora
720 2930 824 2972 nomen
840 2933 919 2973 suum
935 2916 962 2972 in
980 2913 1047 2975 albo
1070 2929 1136 2992 pro-

146 2993 281 3052 fitentium
296 2993 526 3055 citharoedorum
542 2998 623 3056 iussit
638 2997 759 3074 ascribi,
776 2997 971 3076 sorticulaque
988 2998 1016 3058 in
1038 3015 1136 3058 urnam

146 3095 208 3136 cum
225 3078 329 3136 ceteris
342 3076 474 3156 demissa,
489 3081 604 3141 intravit
613 3081 713 3141 ordine
725 3098 786 3159 suo,
804 3082 884 3142 simul
898 3081 1040 3160 praefecti
1053 3098 1136 3160 prae-

146 3161 211 3218 torii
226 3161 361 3220 citharam
378 3166 562 3240 sustinentes,
579 3173 647 3243 post
661 3166 765 3225 tribuni
780 3166 907 3241 militum,
919 3167 1055 3245 iuxtaque
1068 3166 1135 3225 ami-

95 3303 117 3312 „
146 3257 243 3302 corum
258 3245 374 3305 intimis
385 3247 480 3327 thue
499 3251 636 3325 constitit,
652 3258 772 3328 peracto
788 3251 940 3329 principio,
956 3249 1088 3311 Niobam
1102 3263 1173 3308 scas

146 3329 339 3386 cantaturam
355 3348 407 3408 per
424 3330 553 3392 Cluvium
568 3334 671 3392 linium
688 3334 869 3394 consularem
893 3331 1086 3412 pronuntiavit
1107 3341 1137 3391 et

147 3407 174 3464 ‘n
193 3403 294 3503 boram
315 3410 378 3470 iere
399 3413 537 3475 decimam
562 3419 777 3494 perseverarit,
806 3431 999 3496 coronamque
1021 3435 1083 3476 eam
1108 3425 1138 3476 et
1213 3423 1217 3436 “

147 3487 285 3566 tssltqllflm
299 3498 462 3556 certaminis
476 3508 587 3577 partem
601 3501 628 3557 in
649 3517 749 3560 annum
770 3510 937 3581 sequentem
960 3499 1084 3574 distulit,
1106 3511 1138 3560 ut
