2450 3910
548 249 651 298 Ntttto.
1038 243 1094 304 191

104 403 184 481 nior,
206 401 350 462 Britannia
367 402 563 482 Armeniaque
578 406 682 466 amissa
697 425 732 466 ao
754 425 853 468 rursus
875 408 995 487 utraque
1014 426 1097 469 rece·

105 497 164 568 pta,
179 486 343 546 defunctum
360 505 392 546 sc
407 488 545 548 fatalibus·
556 488 638 548 malis
655 491 845 552 existimabat.
861 471 916 554 ffl‘t
930 509 1013 570 vero,
1030 510 1096 553 con·

4 579 14 620 t
105 573 180 632 sulto
196 570 319 649 Delphis
339 571 495 650 Apolline,
523 576 785 652 septuagensimum
807 594 841 635 ac
861 579 974 636 tertium
996 595 1097 637 annum

106 655 263 717 cavendum
284 655 338 714 sibi
359 656 480 734 audivit,
501 660 582 735 quasi
604 675 641 717 eo
662 657 773 717 demum
801 660 942 738 obiturus,
970 679 1004 721 ac
1029 661 1098 721 nihil

81 741 273 802 sconiectans
293 739 329 800 de
352 749 446 801 aetate
462 741 589 819 Galbae,
612 751 687 802 tanta
710 741 813 803 lrducia
833 763 890 804 non
907 745 993 805 modo
1015 763 1097 806 sene·

106 837 178 888 ctam
199 825 251 884 sed
273 826 357 884 etiam
379 836 547 905 perpetuam
568 827 799 906 singularemque
823 832 956 909 concepit
976 829 1097 891 felicita·

104 922 179 988 tem,
201 920 231 971 ut
249 911 360 969 amissis
380 911 532 988 naufragio
548 913 762 990 pretiosissimis
777 911 864 972 rebus
878 931 936 973 non
951 912 1085 974 dubitare

104 997 140 1056 rit
154 998 229 1055 inter
245 1013 313 1054 snos
330 993 444 1072 dicere,
459 996 563 1072 pisces
579 1013 634 1056 eos
649 994 711 1055 cibi
723 996 889 1056 relaturos.

164 1079 289 1158 Neapoli
305 1077 340 1138 de
356 1087 433 1138 motu
447 1079 600 1140 Galliarum
615 1083 752 1156 cognovit
766 1081 812 1140 die
827 1083 891 1160 ipso
908 1098 964 1158 quo
980 1090 1098 1141 matrem

71 1164 270 1240 roocciderat,
295 1163 426 1241 adeoque
449 1165 526 1224 lente
548 1183 582 1224 ao
604 1182 707 1224 secure
728 1165 790 1224 tulit
803 1173 833 1224 ut
848 1164 998 1242 gaudentis
1015 1167 1099 1225 etiarn

105 1251 295 1330 suspitionem
316 1246 484 1326 praeberet,
510 1257 652 1326 tamquam
674 1252 830 1309 occasione
850 1258 916 1308 nata
936 1249 1098 1329 spolianda·
1165 1291 1167 1296 ι

105 1352 167 1395 rum
187 1334 248 1392 iure
269 1331 338 1391 belli
360 1331 638 1410 opulentissimarum
654 1335 886 1412 provinciarum¹
903 1335 1054 1412 statimque
1071 1334 1099 1390 in

105 1418 284 1497 gymnasium
298 1433 489 1493 progressus,
510 1418 646 1476 certantis
668 1416 790 1478 athletas
813 1419 984 1478 effusissimo
1006 1417 1098 1477 studio

105 1501 258 1582 spectavit.
291 1497 406 1560 Caenae
428 1517 544 1578 quoque
567 1509 697 1581 tempore
723 1501 922 1582 interpellatus
948 1501 1099 1562 tumultuo-

69 1613 96 1655 ts
106 1585 230 1647 sionibus
249 1584 369 1660 litteriS,
395 1584 534 1644 hactenus
557 1585 728 1662 excanduit,
751 1594 781 1645 ut
802 1586 910 1646 malurn.
928 1588 962 1646 iis
986 1587 1033 1665 qui
1050 1585 1098 1644 de·

106 1672 231 1732 scissent
255 1672 419 1729 minaretur.
460 1669 592 1748 Denique
614 1689 669 1749 per
690 1680 758 1731 octo
782 1675 932 1731 continuos
954 1671 1016 1730 dies
1043 1687 1099 1729 non

105 1753 271 1816 rescribere
290 1755 434 1831 cuiquam,
457 1771 514 1813 non
529 1754 664 1814 mandare
678 1755 747 1834 quid
763 1763 809 1815 aut
827 1757 998 1835 praecipere
1014 1771 1100 1814 cona·

4 1873 14 1918 2
106 1851 169 1915 tus,
193 1856 253 1897 rem
273 1838 387 1897 silentio
410 1838 595 1898 oblitteravit.
625 1837 734 1898 Edictis
755 1839 869 1898 tandem
886 1840 1016 1900 Vindicis
1033 1856 1099 1898 con·
1110 1851 1141 1905 41

105 1923 265 1985 tumeliosis
283 1929 312 1980 et
330 1921 527 2000 frequentibus
549 1930 710 2000 permotus,
733 1932 862 1984 senatum
878 1923 1001 2000 epistula
1015 1924 1044 1980 in
1060 1921 1100 1979 ul·

66 2004 213 2070 actionem
229 2008 272 2065 sui
288 2007 387 2085 reique
405 2005 539 2084 publicae
556 2005 721 2066 adhortatus
735 2015 788 2084 est,
805 2015 944 2066 excusato
959 2007 1101 2082 languore

106 2092 248 2167 lancium,
268 2098 390 2168 propter
405 2107 558 2168 quemnou
576 2089 700 2149 adesset.
730 2090 807 2150 Nihil
829 2099 922 2150 autem
941 2107 1034 2167 aeque
1051 2088 1101 2147 do-

105 2177 179 2253 luit,
200 2192 283 2253 quam
307 2173 454 2234 ut'malum
474 2191 507 2233 se
524 2173 720 2234 citharoedum
737 2176 907 2253 increpitum
925 2192 958 2233 ac
974 2189 1028 2252 pro
1044 2170 1100 2230 Ne·

106 2279 179 2320 rone
200 2258 405 2318 Aenobarbum
425 2258 610 2337 appellatum.
653 2258 691 2318 dt
715 2275 818 2317 nornen
845 2258 957 2336 quidem
981 2256 1100 2334 gentile,

108 2343 186 2424 quod
210 2343 264 2402 sibi
285 2358 339 2422 per
355 2343 555 2402 contumeliam
579 2341 820 2422 exprobraretur,
844 2348 1053 2422 resumpturum
1069 2353 1101 2398 sc

68 2448 97 2487 as
107 2429 259 2509 professus
277 2433 336 2504 est,
360 2427 495 2507 deposito
514 2426 667 2506 adoptivo,
690 2435 789 2487 cetera
807 2427 950 2504 convitia,
973 2432 1004 2485 ut
1017 2425 1101 2500 falsa,

108 2532 166 2574 non
183 2512 240 2572 alio
256 2521 426 2588 argumento
440 2511 612 2587 refellebat,
630 2529 715 2590 quam
732 2509 808 2590 quod
824 2513 908 2571 etiam
921 2511 1034 2570 inscitia
1048 2508 1103 2570 sibi

108 2602 186 2657 tanto
211 2613 301 2675 opere
325 2596 491 2655 elaboratae
512 2595 721 2674 perfectaeque
743 2615 759 2655 a
781 2613 813 2654 se
836 2597 905 2656 artis
928 2585 1102 2672 obiceretur,

108 2681 239 2758 singulos
262 2679 381 2739 subinde
397 2681 543 2757 rogitans,
566 2686 729 2740 nossentne
743 2687 921 2758 quenquam
934 2684 1100 2758 praestan·

108 2767 226 2826 liorem.
270 2763 328 2824 Sed
350 2765 516 2842 urgentibus
536 2764 709 2845 aliissuper
735 2765 808 2823 alios
834 2765 955 2839 nuntiis,
981 2763 1102 2822 Romam

68 2866 98 2906 ao
108 2849 312 2930 praetrepidus
327 2849 428 2918 rediit;
444 2849 606 2928 leviterque
621 2847 707 2908 modo
722 2849 750 2907 in
765 2849 867 2908 itinere
883 2846 989 2907 frivolo
1008 2845 1102 2922 auspi·

110 2936 156 2994 cio
174 2943 269 2994 mente
291 2942 439 3010 recreata,
464 2951 527 2992 cum
544 2932 709 2992 adnotasset
728 2932 900 3011 insculptum
920 2936 1101 2990 monumento

107 3019 225 3078 militem
240 3017 351 3078 Gallum
375 3018 410 3078 ab
435 3018 530 3102 equite
551 3017 586 3078 R.
613 3034 786 3096 oppressum
806 3016 879 3075 trahi
900 3013 1043 3087 crinibus,
1068 3009 1103 3072 ad

109 3121 172 3163 eam
189 3103 317 3182 speciem
332 3102 432 3164 exiluit
448 3100 553 3178 gaudio
571 3102 738 3179 caelumque
754 3100 910 3184 adoravit,
921 3098 967 3158 Ac
982 3116 1018 3156 ne
1035 3106 1103 3178 tune

109 3188 223 3259 quidem
244 3195 291 3246 aut
313 3197 413 3247 senatu
428 3195 475 3247 aut
493 3185 603 3264 populo
624 3203 720 3245 coram
741 3184 905 3262 appellato,
930 3181 1069 3261 quosdam
1086 3197 1102 3239 e

70 3291 102 3329 er
110 3270 281 3350 primoribus
303 3273 371 3331 viris
395 3270 508 3331 donnum
530 3271 680 3345 evocavit,
701 3275 902 3347 transactaque
916 3267 1019 3347 raptim
1036 3283 1101 3326 con·

110 3355 279 3433 subatione,
303 3356 442 3435 reliquam
458 3355 514 3414 diei
533 3363 641 3433 partem
658 3371 710 3432 per
728 3370 837 3429 organa
854 3349 1020 3428 hydraulica
1035 3349 1104 3410 novi

4 3473 11 3490 ι
111 3449 138 3498 et
153 3442 246 3518 ignoti
260 3442 378 3518 generis
399 3438 602 3514 circumduxit,
625 3436 839 3516 ostendensque
856 3437 985 3516 singula,
1007 3433 1042 3495 de
1059 3451 1102 3494 ra·

112 3523 188 3585 tione
204 3543 239 3587 ac
255 3525 421 3585 difficultate
438 3526 574 3604 cuiusque
589 3523 753 3601 disserens,
767 3522 829 3583 iona
845 3541 880 3584 ce
892 3523 982 3586 etiem
993 3517 1100 3602 protu-
