2466 3896
286 69 306 118 3
357 58 371 123 l

153 235 211 300 166
253 250 283 298 o.
297 249 446 298 suenoni
458 251 585 310 renuo.
601 253 648 297 ns
661 252 744 299 vrrs
759 251 943 300 cassanum
964 253 1033 300 urs.
1049 253 1079 298 v.

796 321 865 392 ,w

150 408 247 466 niasse
264 424 298 465 se
312 407 369 465 vim
386 407 413 465 ei
429 405 464 464 ab
480 405 579 485 Appio
599 405 728 473 inlatam:
752 405 860 482 altera,
884 407 912 464 in
933 405 1151 467 admirationem

39 481 287 600 pqdqformata,
309 489 363 548 Sibi
387 508 502 569 quoque
525 488 645 549 eandem
667 490 795 568 speciem
816 490 925 567 aliquot
941 492 995 550 iam
1015 490 1151 552 noctibus

152 575 302 634 obversari
326 574 448 643 rettulit;
477 592 532 633 nec
554 573 642 632 multo
658 582 726 651 post
745 592 783 633 er
802 575 964 653 composito
986 575 1151 653 inrumpere

113 695 115 700 ,
151 659 266 738 Appius
281 660 440 734 nuntiatus,
463 659 509 718 cui
524 656 616 736 pridie
632 656 667 717 ad
682 657 710 715 id
724 660 864 737 temporis
881 666 911 717 ut
933 657 1049 718 adesset
1065 678 1150 738 prae·
1219 651 1226 664 ⁴

153 752 267 822 ceptum
283 752 360 820 erat,
383 744 464 821 quasi
480 742 566 821 plane
589 751 859 819 repraesentaretur
874 744 976 802 somnii
996 742 1083 819 lidos,
1105 762 1175 806 err-s

154 829 229 888 cessi
251 828 343 886 statim
363 845 397 886 ac
420 827 492 885 mori
512 828 606 885 iussus
633 834 685 884 est.
719 825 782 886 Nec
805 825 942 886 dubitavit
965 836 1084 905 postero
1103 826 1150 887 die

153 911 288 972 Claudius
310 910 439 970 ordinem
460 911 503 969 rei
523 919 625 988 gestae
642 910 774 988 perferre
794 910 829 971 ad
845 920 973 971 senatum
994 930 1028 971 ac
1043 911 1150 972 liberto

152 997 261 1074 gratias
275 1012 387 1072 agere,
408 993 485 1074 quod
502 1012 555 1073 pro
576 993 668 1054 salute
692 1012 742 1053 sua
759 996 842 1054 etiam
864 995 1008 1056 dormiens
1025 996 1151 1056 excuba·
1223 1013 1226 1038 ¹

110 1089 208 1150 seret.
232 1079 297 1140 lrae
318 1088 404 1158 atque
424 1078 589 1140 iracundiae
607 1079 741 1137 conscius
754 1079 824 1156 sibi,
841 1088 989 1157 utramque
1000 1081 1152 1140 excusavit

155 1165 250 1225 edicto
266 1163 466 1241 distinximus,
484 1163 633 1242 pollicitus
648 1162 779 1223 alteram
793 1162 913 1242 quidem
927 1161 1048 1224 brevem
1061 1172 1091 1224 ct
1103 1164 1149 1224 in·
1163 1180 1187 1220 ru

151 1249 295 1323 bociam,
314 1248 445 1308 alterum
457 1266 519 1309 noo
532 1247 676 1307 iniustam
690 1246 771 1325 sore.
799 1246 996 1326 Ostiensibus,
1012 1251 1078 1327 quia
1095 1248 1152 1308 sibi

153 1333 286 1394 subeunti
303 1332 427 1392 Tiberim
444 1331 566 1411 scaphas
582 1331 695 1392 obviam
711 1350 768 1392 non
780 1333 924 1410 miserint,
942 1335 1071 1410 graviter
1086 1350 1151 1392 cor-

41 1437 120 1505 ,q-,pl
151 1419 259 1498 neptis,
285 1433 378 1495 eaque
401 1435 464 1477 cum
485 1416 605 1500 invidia,
630 1425 660 1476 ut
683 1417 712 1475 in
729 1416 856 1477 ordinem
876 1435 908 1476 se
931 1425 1063 1477 coactum
1083 1435 1150 1476 con-

63 1498 64 1508 ’
153 1502 311 1578 scriberet,
341 1510 462 1579 repente
485 1509 591 1561 tantum
612 1517 670 1560 non
695 1503 764 1560 satis
787 1502 919 1562 facientis
935 1500 1020 1561 modo
1037 1503 1149 1562 veniam

153 1586 240 1646 dedit.
265 1584 410 1659 Quosdam
433 1587 461 1643 in
483 1583 601 1663 publico
619 1603 718 1663 parum
731 1587 904 1664 tempestive
921 1585 1050 1646 adeuntis
1065 1604 1149 1645 manu
1161 1604 1186 1646 rs

153 1689 204 1731 sua
225 1667 361 1747 reppulit.
396 1669 467 1728 Item
491 1668 612 1728 scribam
636 1670 846 1747 quaestorium,
873 1672 998 1749 itemque
1014 1679 1150 1749 praetura

153 1755 279 1836 iunctum
295 1761 458 1813 senatorem
474 1752 617 1812 inauditos
636 1762 665 1812 et
679 1755 813 1813 innoxios
829 1754 990 1832 relegavit,
1009 1754 1085 1832 quod
1099 1754 1149 1814 ille

153 1837 292 1898 adversus
309 1839 449 1915 privatum
465 1855 497 1896 se
515 1837 751 1915 intemperantius
772 1838 917 1915 affuisset,
939 1838 986 1898 hic
1005 1841 1032 1897 in
1051 1837 1149 1899 aedili·
1225 1837 1226 1840 ’

152 1931 210 1983 tate
243 1921 397 2000 inquilinos
420 1920 602 2000 praediorum
630 1939 761 1999 suorum,
795 1931 896 1983 contra
921 1923 1038 1984 vetitum
1066 1931 1149 1982 cocta

153 2005 325 2084 vendentes,
356 2006 506 2066 multasset
537 2006 709 2084 uilicumque
738 2008 975 2067 intervenientem
1003 2006 1183 2085 flagellas-ao

154 2101 208 2152 set.
241 2090 304 2165 Qua
323 2089 359 2150 de
380 2109 466 2151 causa
485 2091 569 2150 etiam
592 2091 797 2150 coercitionem
813 2091 984 2170 popinarum
1008 2090 1148 2153 aedilibus

153 2176 267 2237 ademit.
453 2231 455 2236 .
496 2233 497 2238 ,

218 2259 264 2319 Ac
286 2278 322 2319 ue
344 2257 489 2319 stultitiam
511 2259 625 2338 quidem
646 2277 725 2318 suam
744 2259 872 2336 reticuit,
895 2258 1110 2339 simulatamque
1133 2278 1149 2320 a
1206 2267 1225 2334 ,³

155 2363 187 2403 se
202 2362 239 2403 ex
256 2343 393 2403 industria
410 2343 462 2402 sub
479 2342 564 2422 Gaio,
589 2343 665 2422 quod
682 2344 764 2402 aliter
784 2362 923 2403 evasurus
946 2353 1147 2423 perventurus·
1224 2325 1225 2370 ¹

156 2446 212 2506 quc
228 2425 264 2486 ad
281 2436 445 2506 susceptam
459 2429 611 2487 stationem
625 2445 682 2486 non
697 2428 794 2505 fuerit,
810 2427 977 2506 quibusdam
990 2431 1147 2489 oratiuncu·
1157 2446 1183 2486 as

153 2510 190 2570 lis
204 2519 326 2570 testatus
338 2519 397 2578 est;
416 2529 471 2570 nec
483 2520 577 2572 tamen
591 2513 753 2591 persuasit,
770 2530 834 2571 cum
848 2513 920 2572 intra
933 2511 1025 2572 breve
1037 2521 1149 2590 tempus

153 2593 228 2654 liber
246 2593 338 2654 editus
356 2595 408 2671 sit,
425 2598 469 2654 cui
484 2596 571 2655 index
586 2605 648 2655 erat
661 2592 798 2676 Μωρῶν
815 2573 1046 2675 dimidiis,
1064 2613 1149 2672 argu·

153 2687 278 2739 mentum
294 2687 402 2756 autem,
421 2679 565 2740 stultitiam
581 2681 724 2740 neminem
742 2681 863 2758 lingere.
1223 2677 1224 2682 ’

111 2775 146 2830 39
217 2762 297 2823 Inter
311 2772 408 2823 cetera
420 2764 447 2822 in
460 2781 496 2823 co
508 2767 598 2824 mirati
614 2773 679 2824 sunt
691 2764 820 2825 homines
836 2775 865 2825 et
880 2764 1056 2825 oblivionem
1068 2773 1097 2824 et
1108 2765 1148 2824 in·

155 2848 403 2926 considerantiam,
414 2848 462 2907 vel
472 2857 501 2908 ut
509 2848 621 2910 Graece
633 2848 737 2925 dicam,
749 2837 1146 2929 μετεωρίανοῑᾶβλεψίαν.
1159 2866 1184 2907 eo

154 2933 259 2992 Occisa
274 2932 442 3010 Messalina,
459 2933 546 3010 paulo
564 2942 631 3012 post
645 2951 728 3012 quam
743 2934 770 2992 in
788 2934 912 2993 triclinio
928 2932 1077 3010 decubuit,
1094 2952 1150 2993 cur

153 3017 279 3079 domino
298 3035 361 3079 noo
380 3018 497 3077 veniret
516 3018 656 3096 requisiit.
689 3017 795 3077 biultos
819 3036 856 3077 ex
873 3019 924 3094 iis,
956 3035 1030 3096 quos
1054 3018 1149 3096 capite

153 3101 352 3178 damnaverat,
375 3111 494 3180 postero
512 3103 606 3162 statim
627 3101 673 3160 die
697 3110 726 3160 et
747 3102 775 3161 in
792 3103 940 3162 consilium
965 3111 994 3162 et
1014 3101 1049 3162 ad
1066 3101 1149 3162 aleae

153 3184 246 3245 lusum
262 3185 409 3245 admoneri
425 3187 507 3247 iussit
522 3195 567 3263 et,
585 3187 665 3264 quasi
680 3195 875 3264 morarentur,
892 3195 922 3246 ut
938 3186 1150 3246 somniculosos
1222 3203 1223 3296 p

153 3286 207 3346 per
222 3270 348 3329 nuntium
365 3271 517 3350 increpuit.
539 3269 684 3330 Ducturus
700 3270 857 3331 contraius
873 3271 1062 3351 Agrippinam
1078 3285 1148 3330 uxo·
1159 3291 1184 3332 sc

152 3368 227 3426 rem,
245 3369 303 3411 non
325 3355 451 3416 cessavit
471 3356 547 3415 omni
571 3356 702 3414 oratione
722 3353 820 3432 filium
839 3361 868 3415 et
888 3354 1045 3416 olumnam
1068 3360 1097 3415 et
1116 3353 1150 3414 in

150 3435 267 3512 premio
283 3453 339 3497 suo
352 3445 459 3499 uotum
475 3445 568 3519 atque
583 3437 746 3500 educatam
760 3439 940 3518 praedicare.
977 3439 1149 3500 Adsciturus

152 3518 181 3576 in
203 3535 307 3578 nomen
334 3519 498 3600 Neronem,
530 3523 611 3601 quasi
638 3541 738 3601 parum
764 3521 1042 3603 reprehenderetur,
1071 3519 1148 3603 qood
1221 3519 1222 3530 ’
