2450 3910
143 185 204 247 242
234 198 263 246 c.
281 196 429 246 sucronr
446 195 573 254 ranno.
589 195 636 240 na
653 195 736 242 vrrs
754 193 936 242 caussatus
951 195 1018 241 ma.
1036 196 1118 243 v111.

143 353 307 429 transtulit)
333 360 460 411 ceterum
485 367 597 410 ornnem
622 350 679 408 viru
705 349 904 409 dominationis
934 358 990 409 tam
1015 349 1152 413 licenter
1208 385 1209 418 r

144 439 285 514 exercuit,
304 438 400 495 utiam
415 444 472 494 tum
489 434 581 513 qualis
592 433 703 493 futurus
715 442 795 494 esset
806 432 983 493 ostenderet.
1010 433 1056 494 Ne
1070 432 1149 496 exe·
1208 419 1209 486 Ῐ

144 541 215 602 quar
228 520 352 598 singula,
365 519 551 579 contractatis
566 517 717 578 multorum
731 518 885 594 uxoribus,
897 517 1050 580 Domitiam
1064 518 1147 578 Lon·

142 609 239 683 ginanr
259 604 345 663 Aelio
362 603 475 664 lamiae
495 611 611 681 nuptam
636 605 720 662 etiam
743 605 770 660 in
784 603 991 664 matrimonium
1008 601 1146 682 abduxit,

143 699 228 769 atque
243 705 298 749 uno
315 689 361 747 die
376 706 465 766 super
480 686 545 746 XX.
562 687 658 746 oliicia
672 686 780 746 urbana
801 695 849 746 aut
868 688 1024 764 peregriua
1045 687 1171 752 distri-s

143 775 212 850 buit,
230 773 385 832 mirarica
396 772 577 849 Vespasiano
591 770 749 847 dictitante,
762 771 846 849 quod
856 788 1067 832 successorem
1077 791 1148 833 non

108 856 245 934 potsidi
264 858 402 917 mitteret.
446 855 667 933 Expeditionem
692 855 856 998 quoquepqn
879 854 1000 915 Galliam
1021 855 1209 916 Germa-au

142 944 261 1021 uiasque
275 938 575 1019 nequeneoessariam
590 948 619 998 et
641 937 814 998 dissuadenti
836 958 869 998 us
890 941 1018 1018 paternis
1039 941 1145 1000 unicis
1209 945 1210 984 l

142 1027 298 1101 inchoavit,
315 1034 422 1084 tantum
436 1033 466 1083 ut
479 1023 560 1083 fratri
582 1041 615 1082 se
636 1031 665 1082 et
684 1022 789 1101 opibus
815 1033 844 1082 et
863 1023 1030 1100 dignatione
1053 1023 1144 1084 adae-

162 1119 252 1172 uaret.
1149 1127 1182 1178 ιι

143 1131 160 1191 q
205 1194 248 1254 Ob
263 1194 337 1254 baec
355 1200 525 1271 correptus,
547 1209 604 1270 quo
619 1193 712 1269 magis
733 1200 762 1251 et
783 1194 888 1254 aetatis
910 1203 938 1254 et
964 1194 1142 1256 conditionis

142 1280 354 1353 admoneretur,
369 1275 514 1336 habitabat
530 1294 593 1335 cum
608 1285 690 1355 patre
704 1293 758 1336 una
760 1277 943 1358 ,sellamque
961 1280 1023 1337 eius
1034 1296 1068 1338 ac
1081 1280 1140 1340 lra-

142 1366 210 1441 tris,
234 1365 366 1442 quotiens
389 1359 556 1439 prodirent,
590 1361 694 1421 lectica
716 1361 890 1439 sequebatur
912 1379 946 1422 ac
966 1363 1140 1441 triumphum
1210 1434 1211 1440 ἵ

90 1493 117 1524 a
139 1449 289 1525 utriusque
306 1445 451 1505 Iudaicum
467 1461 543 1522 equo
559 1443 626 1504 albo
644 1445 793 1504 comitatus
810 1454 864 1504 est.
901 1445 934 1505 ln
956 1465 1010 1506 sex
1033 1463 1139 1507 consu·
1210 1459 1211 1518 j

31 1541 42 1562 “
141 1533 246 1593 latibus
261 1531 374 1589 nonnisi
396 1547 480 1588 unum
503 1527 676 1588 ordinarium
694 1531 801 1606 gessit,
818 1547 939 1608 eumque
960 1530 1081 1591 cedente
1102 1551 1176 1598 acm

142 1617 317 1691 suffragante
332 1614 431 1672 l.ratre
462 1610 610 1672 Simulavit
625 1622 654 1671 et
668 1613 732 1691 ipse
747 1615 818 1673 mire
831 1614 1017 1691 modestiam,
1034 1616 1062 1673 in
1078 1618 1137 1694 pri-

141 1700 253 1776 misque
269 1698 403 1776 poeticae
419 1695 550 1770 studium,
566 1705 623 1756 tam
634 1696 775 1756 insuetum
791 1706 875 1757 antea
890 1699 945 1757 sibi
961 1717 1045 1779 quam
1056 1709 1137 1778 post-

62 1821 67 1828 ·
142 1801 177 1842 ea
197 1790 326 1861 spretum
349 1788 378 1838 et
405 1779 565 1856 abiectum,
589 1782 778 1859 recitavitque
800 1783 885 1842 etiam
909 1782 1036 1860 publice
1071 1783 1138 1844 Nec

141 1878 236 1927 tamen
252 1883 287 1925 eo
304 1865 404 1940 setius,
421 1882 484 1926 cum
500 1864 686 1942 Vologaesus
701 1857 883 1925 Parthorum
888 1885 942 1926 rex
962 1867 1067 1928 auxilia
1089 1868 1136 1928 ad-

141 1969 245 2012 versus
259 1949 370 2010 Alanos
385 1949 543 2028 ducemque
561 1949 680 2008 alterum
695 1967 732 2008 ex
747 1951 919 2028 Vespasiani
931 1951 1031 2012 liberis
1046 1951 1137 2032 depo·
1146 1977 1173 2016 ac
1211 1963 1212 1990 ³

141 2037 297 2116 posuisset,
314 2036 389 2094 omui
405 2050 462 2113 ope
479 2032 627 2093 contendit
641 2035 693 2091 ut
685 2050 750 2111 tpse
764 2034 944 2112 potissimum
959 2038 1136 2102 mitteretur;

142 2129 171 2179 et
183 2121 247 2199 quia
263 2119 393 2180 discussa
409 2137 458 2178 res
474 2126 528 2196 est,
544 2117 617 2178 alios
632 2116 757 2176 Orientis
777 2135 866 2194 reges
888 2127 918 2178 ut
939 2119 1014 2180 idem
1036 2129 1137 2198 postu-

141 2205 234 2264 larent
253 2203 335 2263 donis
350 2221 385 2262 ac
402 2200 659 2281 pollicitationibus
675 2201 834 2262 sollicitare
849 2206 1008 2282 temptavit.

89 2291 113 2320 *³
202 2289 286 2348 Patre
301 2287 449 2363 defuncto,
467 2286 513 2347 diu
529 2295 680 2346 cunctatus
692 2303 728 2345 an
743 2284 859 2364 duplum
875 2287 1039 2348 donativum
1054 2288 1138 2348 militi

142 2371 277 2448 offerret,
298 2389 448 2450 numquam
463 2373 570 2431 iactare
590 2369 727 2429 dubitavit
749 2370 889 2432 relictum
903 2389 938 2431 se
951 2371 1172 2450 partddpemm

141 2455 271 2533 imperti,
286 2456 342 2514 sed
355 2453 499 2532 fraudem
515 2461 691 2514 testamento
711 2453 902 2526 adhibitam,-
923 2473 1018 2534 neque
1039 2473 1138 2516 cessa·

75 2587 97 2611 ‚,
140 2542 234 2599 vitex
252 2556 288 2599 eo
304 2539 421 2599 insidias
436 2548 547 2600 struere
568 2540 649 2598 fratri
667 2537 740 2598 clam
759 2539 930 2618 palamque,
954 2538 1050 2618 quoad
1072 2557 1138 2600 cor·

139 2632 254 2702 repturn
267 2624 349 2700 gravi
364 2622 537 2698 valitudine,
558 2625 637 2700 prius
659 2639 743 2702 quam
763 2623 850 2701 plano
874 2623 989 2686 efflaret
1004 2625 1137 2699 animam,

139 2726 194 2790 pro
211 2716 323 2768 mortuo
346 2706 442 2767 deseri
463 2708 563 2786 iussit;
590 2707 810 2786 defunctumque
830 2707 908 2767 nullo
933 2715 1139 2785 praeterquam

142 2793 370 2854 consecrationis
383 2791 494 2851 bonore
510 2791 655 2870 dignatus,
677 2809 768 2870 saepe
784 2792 869 2850 etiam
889 2793 996 2870 carpsit
1010 2790 1140 2872 obliquis
1150 2816 1174 2858 a

141 2877 319 2938 orationibus
336 2885 365 2936 et
381 2876 522 2973 edictis.

113 2982 130 3035 3
201 2961 279 3022 luter
294 2958 371 3021 iuitia
389 2936 567 3059 principatus
584 2959 690 3020 cotidie
707 2967 850 3020 secretum
857 2957 926 3018 sibi
941 2959 1077 3020 horarum
1092 2981 1139 3020 su·
1177 2984 1183 3016 ι

140 3065 219 3107 mere
235 3042 359 3122 sdlebat,
374 3063 430 3105 nec
444 3045 593 3124 quicquam
610 3042 732 3120 amplius
746 3061 831 3134 quam
845 3061 959 3104 muscas
972 3035 1091 3122 captare
1103 3063 1141 3104 ac

141 3131 208 3190 stilo
233 3137 390 3209 praeacuto
418 3131 581 3206 conligere:
609 3136 639 3186 ut
661 3126 772 3186 cuidam
795 3117 1003 3204 interrdgauti,
1020 3137 1141 3188 essetne

142 3216 205 3291 quis
222 3215 298 3273 intus
314 3232 377 3272 cunr
393 3211 536 3290 Caesare,
552 3229 610 3271 non
625 3208 758 3271 absurde
764 3229 936 3290 responsum
957 3213 993 3270 sit
1012 3229 1028 3271 a
1048 3211 1177 3272 Vibiots
1199 3229 1204 3236 ·

131 3296 259 3390 'Grispo,
277 3315 316 3355 ae
328 3313 466 3357 muscum
480 3296 609 3375 quidem.
616 3283 624 3361 l
639 3294 751 3355 Deinde
769 3313 890 3357 uxorem
909 3294 1077 3371 Domitiam,
1099 3313 1142 3356 ex

143 3395 198 3455 qua
220 3379 395 3438 insecundo
419 3397 471 3440 suo
498 3379 646 3440 consulatu
668 3379 755 3439 tilium
780 3379 886 3438 tulerat
901 3379 959 3442 ι***
987 3378 1143 3458 alteroque

143 3475 218 3519 anno
232 3461 420 3520 consalutauit
430 3460 602 3536 Augustam:
616 3461 746 3546 eandem,
760 3460 869 3523 Paridis
881 3460 1027 3522 histrionis
1039 3481 1143 3526 amore
