2450 3910
536 217 707 268 sanun.
1057 202 1118 267 209

123 393 181 452 ,eos
192 375 306 436 nonnisi
318 373 478 454 praetluros
491 373 699 450 exoletosque;
718 371 851 435 ferebant
867 371 1045 452 inllispouia
1055 371 1117 433 lee-

125 461 183 522 lum
196 459 372 520 ereterilsus
384 458 552 519 concubinis
563 501 572 534 ,
585 456 621 517 de
628 456 754 517 Neronis
765 457 843 517 onitu
857 459 1046 535 nuntiantem,
1059 469 1118 517 uon

122 543 211 606 morlo
231 544 379 604 artissimis
397 543 505 604 oseulis
527 541 622 621 palam
639 550 792 618 exceptum
809 541 845 602 ab
865 559 916 620 eo,
937 539 990 601 sed
1006 549 1036 600 ut
1054 543 1128 602 sine.

29 623 54 659 '''
125 645 210 690 mora·
217 627 377 688 velleretur
388 636 508 704 oratum,
525 636 610 705 atque
623 625 780 686 seductum.

105 733 119 773 s
192 712 281 773 Periit
294 712 379 773 tertio
393 721 427 772 et·
433 711 649 790 septuagesimo
661 712 763 771 aetatis
781 727 870 786 anno,
889 710 1002 789 imperii
1016 721 1159 777 menseut

126 799 259 876 septimo.
298 797 434 872 Senatus,
443 805 474 855 ut
492 796 611 875 primurn
628 795 735 855 linitum
754 803 813 871 est,
832 803 953 854 statuam
971 795 999 854 ei
1016 793 1117 855 deere-

124 891 207 942 verat
217 890 360 942 rostratae
373 880 523 941 ooluronae
536 886 749 959 superstantem
759 879 788 937 in
803 887 886 956 parte
897 879 968 956 lori,
989 897 1044 958 qua
1059 889 1115 940 tru-
1198 945 1200 950 ,

126 963 303 1035 oidaursest;
317 963 529 1026 seddeeretum
540 965 739 1042 Vespasianus
759 961 903 1042 abolevit,
924 980 1116 1041 percussores

126 1049 180 1113 sibi
192 1069 231 1110 ex
241 1049 379 1128 Hispania
392 1051 421 1109 in
431 1048 566 1111 Iudaeam
578 1047 746 1108 submisisse
760 1049 902 1127 opinatus.

48 1209 118 1264 „s”

556 1394 675 1450 otuu.
752 1391 756 1400 '
1066 1449 1110 1460 „„
1162 1419 1224 1464 ren*

99 1573 125 1616 ro
188 1553 315 1616 Maiores
327 1552 448 1614 Othonis
461 1554 516 1612 orti
528 1562 593 1613 sunt
609 1551 718 1631 oppido
731 1551 884 1631 Ferentio,
896 1553 1004 1616 familia
1015 1565 1116 1616 vetere
1127 1569 1142 1624 1

124 1649 154 1700 et
170 1638 311 1700 honorata
328 1647 413 1718 atque
429 1655 467 1697 ex
483 1636 663 1717 prlneipihus
678 1635 821 1698 Etruriae.
847 1636 928 1698 Avus
946 1637 984 1700 lt.
1001 1640 1116 1701 Salvius
1155 1700 1160 1708 x

67 1723 70 1734 '
125 1722 211 1800 Otho,
228 1731 310 1802 patre
325 1725 422 1801 equite
439 1722 475 1783 lt.
490 1731 580 1782 matre
591 1720 688 1782 humili
702 1723 843 1782 insertum
860 1741 895 1784 an
907 1724 1048 1803 ingenua,
1061 1744 1116 1804 per

29 1872 36 1880 ,
124 1808 246 1886 gratiam
253 1807 352 1868 liviae
364 1806 532 1884 Augustae,
546 1809 575 1867 in
588 1808 667 1867 euius
683 1804 769 1867 domo
782 1816 926 1884 ereverat,
939 1818 1058 1870 senator
1069 1819 1115 1870 est

59 1917 64 1922 ·
125 1891 299 1969 iaetus,ne·e
309 1899 461 1970 praeturae
473 1890 593 1968 madum
603 1892 741 1952 exeessit.

91 1993 117 2040 ts
187 1974 273 2035 Pater
281 1975 313 2034 L.
326 1973 411 2051 Otho,
426 1982 554 2034 materno
572 1989 684 2052 genere
701 1973 853 2053 praeclaro
867 1975 1073 2056 multarumque
1086 1987 1115 2038 et

124 2073 290 2137 magnarum
303 2059 575 2138 propinquitatum,
587 2067 643 2118 tarn
664 2075 747 2118 eurus
765 2067 878 2136 tamque
901 2077 958 2119 non
975 2060 1114 2121 absimilis

124 2143 201 2204 faeie
213 2141 332 2204 'liberio
345 2143 469 2222 prinoipi
481 2140 544 2218 init,
556 2151 588 2201 ut
598 2143 731 2221 plerique
745 2151 928 2220 procreatum
940 2161 978 2204 ex
995 2161 1031 2204 eo
1052 2163 1113 2205 ere«
1192 2149 1194 2158 ’

125 2226 236 2288 olerent.
266 2227 401 2290 Urbanos
419 2225 562 2303 lionores,
580 2225 815 2305 proconsulatum
834 2225 954 2286 Alrieae
971 2238 1001 2288 et
1020 2238 1113 2290 extra·

127 2312 270 2373 ordinaria
285 2312 406 2389 imperia
418 2312 602 2372 severissime
616 2309 830 2370 administravit.
863 2308 959 2372 Ausus
971 2315 1057 2373 etiam
1069 2321 1114 2374 est

89 2396 154 2458 zoin
167 2395 286 2470 lllyrleo
298 2395 402 2456 milites
417 2393 566 2475 quosdam,
579 2394 657 2474 quod
668 2404 747 2455 motu
760 2393 872 2455 Camilli
889 2414 926 2456 ex
938 2399 1114 2475 paenitentia

125 2482 311 2558 praepositos
320 2498 390 2540 suos
398 2483 478 2558 quasi
488 2478 661 2540 delectionis
674 2478 812 2539 adversus
823 2478 1113 2544 Claudiumaoetores

124 2563 299 2639 occiderant,
313 2566 410 2643 eapite
421 2565 533 2642 punire,
549 2572 578 2623 et
590 2563 703 2642 quidem
717 2573 783 2624 aute
794 2566 937 2644 principia
954 2583 987 2626 se
1004 2584 1112 2644 eoram,

123 2649 253 2726 quamvis
266 2647 303 2708 ob
315 2647 344 2707 id
356 2650 449 2727 ipsum
461 2656 611 2725 promotos
623 2651 652 2708 in
673 2647 843 2727 ampliorem
862 2647 981 2727 madum
1000 2670 1015 2711 a
1029 2649 1112 2711 crau-

123 2730 171 2792 rlio
184 2733 282 2792 seirat.
309 2733 373 2808 Quo
385 2732 465 2793 laeto
477 2733 552 2792 sieut
567 2730 691 2810 gloriam
702 2734 798 2808 auxit,
816 2735 856 2794 ita
866 2737 988 2810 gratiam
998 2736 1111 2804 minuit;

86 2835 115 2882 as
124 2833 208 2894 quarn
220 2825 313 2876 tamen
324 2817 617 2894 maturareeiperavit
628 2815 853 2896 deteetaequitia
862 2819 896 2878 ll.
908 2817 1019 2896 lraude,
1027 2835 1112 2897 qnam

123 2898 312 2978 prodentibus
324 2901 418 2960 servis
436 2918 538 2960 necem
550 2899 671 2962 claudio
689 2919 794 2980 parare
812 2911 1003 2980 compererat.
1026 2901 1111 2965 Narn-

123 3001 179 3062 que
191 2993 348 3046 et-seuatus
362 2982 476 3046 honore
487 2987 645 3063 rarissimo,
661 2995 752 3047 statua
763 2988 793 3044 in
803 2985 915 3046 Palatio
927 2988 1032 3065 posite,
1044 3004 1111 3065 pro·

123 3077 239 3128 seeutus
252 3079 298 3130 εει
316 3087 378 3130 enm
391 3078 420 3129 et
431 3068 566 3130 Claudius
584 3069 726 3131 adlectum
744 3072 819 3129 inter
838 3072 976 3149 patrieios
995 3070 1111 3132 conlau-

123 3151 193 3212 dans
205 3153 388 3232 amplissimis
398 3153 508 3232 verbis,
521 3154 578 3215 hoe
591 3172 705 3234 quoque
718 3153 839 3214 adieeit:
856 3151 919 3231 Vir,
936 3172 995 3234 quo
1006 3154 1111 3216 melio*

1 3235 2 3264 ³
86 3235 295 3302 ”amitteres
306 3236 468 3299 luterens
479 3244 550 3317 opto
562 3238 692 3318 quidem.
712 3237 758 3298 Ex
770 3237 856 3298 Albia
868 3237 1003 3301 Terentia
1013 3239 1110 3318 splen·

122 3320 302 3383 didafemina
314 3322 385 3382 duos
397 3322 473 3383 lilios
486 3323 557 3401 tulit,
565 3323 594 3383 l.
608 3322 748 3385 Titianum
759 3332 789 3383 ει
799 3324 939 3384 minorem
948 3322 987 3384 Μ.
1001 3338 1110 3402 eogno-

121 3407 225 3466 minem
236 3405 305 3476 sibi;
322 3407 385 3467 tulit
400 3416 429 3466 et
444 3407 539 3485 filiam,
560 3425 644 3486 quam
660 3405 777 3468 vixdum
793 3406 919 3470 nubilem
933 3407 1028 3472 Druso
1040 3407 1110 3472 Ger·

30 3539 34 3546 .
121 3491 225 3550 manioi
236 3490 298 3550 lilio
311 3490 473 3570 despondit.
509 3507 510 3512 ¹

165 3593 317 3633 susronrus.
920 3581 959 3642 14
