2392 3926
102 208 163 270 306
369 219 398 266 c.
423 219 584 278 sonromr
605 220 818 279 remunerant

163 373 312 452 Meropes]
331 372 476 448 galbeoli,
492 381 522 432 nt
540 382 619 451 putat
641 373 832 452 Tranquillus.
863 373 923 434 hiae
945 376 1105 452 genitores

103 476 172 518 suos
186 456 346 516 recondunt
366 457 421 514 ianr
439 473 526 515 senes
542 466 571 517 et
587 458 667 516 alere
686 457 815 517 dicuntur
835 459 863 515 in
883 459 1104 520 similitudinem

100 542 225 620 ripariae
250 541 327 611 aria,
357 557 431 616 quae
452 540 480 598 in
502 558 592 617 specu
611 542 693 619 ripae
713 541 855 615 nidificat,
876 551 906 600 ut
923 543 951 600 in
965 542 1042 602 libro
1058 543 1100 604 X.

102 624 271 686 ostenditur.
303 621 430 683 Scholia
454 620 628 684 Berneasin
649 625 692 684 od
714 621 803 702 Verp.
821 623 929 704 Georp.
946 635 1029 700 4,14
1046 627 1099 688 ed.

101 706 222 770 ldr'tller.
238 704 278 785 cs.
294 705 413 766 Plinius
425 713 489 766 rtet.
506 707 574 767 hist.
591 715 629 768 30
640 717 665 777 s.
683 716 729 768 33.
1111 734 1124 772 s

163 792 317 851 Suetonius
332 787 513 868 Tranquillus
528 791 597 850 dicit
620 791 822 869 Parthenopen
844 793 972 852 Sirenem
992 794 1100 870 sepul-

100 876 206 936 tamin
229 871 403 952 Campaniae
423 873 524 949 litore,
550 892 566 933 a
588 877 668 934 cuius
684 876 796 934 nomine
817 874 957 952 Neapolis
974 875 1099 935 Parthe-

100 976 178 1038 nope
203 958 329 1017 vocitata
350 958 536 1015 existimatur.
583 955 904 1018 Scholie'Bernercrlo
931 957 975 1018 od
1003 957 1097 1038 Verq.

101 1042 211 1121 Georp.
228 1050 258 1117 4,
275 1050 336 1103 564
352 1039 398 1100 ed.
416 1038 538 1099 lllltller.

163 1124 317 1200 Corycium
338 1125 448 1202 senem]
472 1142 525 1201 per
547 1125 692 1183 transitum
712 1125 801 1200 tangit
822 1125 968 1186 historiam
985 1144 1133 1196 memo-10

99 1220 190 1270 ratam
208 1228 224 1268 a
245 1208 395 1268 Suetonio.
436 1207 592 1284 Pompeius
617 1209 690 1266 enim
716 1209 801 1267 victis
826 1209 926 1286 piratis
951 1206 1098 1270 Cilicibus

99 1295 201 1374 partina
217 1293 246 1350 in
261 1289 373 1366 Cilicia,
390 1291 492 1368 partim
508 1292 535 1348 in
550 1289 681 1366 Graecia,
697 1293 841 1369 partimin
857 1290 991 1352 Calabria
1004 1311 1098 1370 agros

100 1378 187 1438 dedit.
216 1373 403 1435 Servianod
422 1372 510 1453 Verp.
529 1373 638 1454 Georp.
656 1383 763 1449 4,127.
1179 1367 1180 1440 f

160 1459 252 1519 Homo
271 1457 391 1518 rebellis
413 1457 532 1532 dicitur,
550 1477 598 1518 res
621 1459 683 1536 ipsa
697 1457 839 1534 rebellio,
855 1476 912 1518 non
928 1459 1098 1522 rebellatio.

101 1545 150 1604 Sic
165 1543 330 1602 Suetonius.
358 1539 485 1600 Servius
499 1541 542 1600 od
556 1540 643 1620 Verp.
659 1539 735 1602 Aera.
754 1551 800 1618 12,
821 1550 887 1603 185.
1109 1576 1133 1616 η

164 1626 294 1702 Scriptor
308 1623 457 1702 librarius}
487 1624 657 1702 bibliopola,
672 1626 712 1684 uti
727 1635 845 1685 veteres
860 1625 1002 1704 dicebant,
1016 1628 1098 1705 quod

101 1720 131 1768 et
145 1706 327 1786 Tranquillus
342 1705 472 1766 affirmat.
504 1706 631 1768 Scholia
646 1708 690 1768 ad
702 1706 828 1770 Horatii
841 1717 939 1772 artem
950 1728 1003 1789 po.
1024 1719 1096 1772 354.

161 1807 280 1868 Emeriti
296 1823 362 1884 pars
376 1805 472 1866 ultima
487 1806 568 1884 iuris]
590 1806 731 1882 significat
749 1806 946 1886 conglutiaies
961 1806 1047 1882 dies,
1065 1817 1098 1866 ut

101 1895 140 1954 ait
161 1891 332 1967 Suetonius,
350 1891 378 1948 in
400 1889 502 1968 quibus
519 1889 595 1969 qnod
615 1891 884 1948 ante'intermissum
899 1891 993 1950 luerat
1006 1908 1096 1967 gere·
1179 1933 1180 1940 .

101 1977 193 2037 batur.
223 1974 350 2036 Scholia
366 1973 409 2034 acl
420 1972 620 2047 harenam,
640 1972 719 2032 led.
741 1971 859 2034 Weber.
1105 1983 1131 2022 20
1179 1977 1180 2008 ¹

162 2076 244 2137 Ponti
258 2075 356 2153 belua]
376 2071 555 2144 crocodilus;
575 2075 652 2134 canis
671 2073 834 2156 Aegyptius
854 2073 951 2133 lambit
966 2082 995 2133 et
1009 2072 1095 2152 fugit.

100 2162 177 2222 llicit
192 2159 356 2221 Suetonius.
388 2158 516 2220 Scholia
541 2158 584 2217 ad
603 2151 762 2218 buconem
783 2164 813 2234 8
830 2165 889 2219 754
906 2156 953 2217 ed.
972 2153 1094 2218 Weber.
1179 2209 1180 2212 ,

101 2244 140 2325 cf.
150 2242 312 2305 Phaedrus
323 2240 423 2321 fola,
399 2252 415 2302 1
438 2251 485 2301 25.

162 2342 298 2402 inchoavi
313 2340 349 2400 ab
365 2339 481 2418 inchoo}
502 2341 550 2398 Sin
564 2337 713 2397 dicendum
732 2346 811 2415 putat
830 2335 918 2397 lulius
931 2295 1094 2414 hiodestus,

100 2427 166 2505 quia
187 2426 224 2483 sit
246 2426 435 2520 compositum
455 2441 472 2481 a
496 2419 591 2496 Chao,
612 2423 690 2480 initio
717 2439 822 2480 rerum.
859 2422 898 2480 At
921 2419 1042 2480 Verrius
1063 2431 1129 2481 etas
1179 2437 1180 2466 ι

99 2506 255 2570 Flaccus·
246 2525 274 2564 m
296 2515 441 2585 postrema
462 2503 574 2580 syllaba
599 2505 780 2583 aspirandum
802 2504 1013 2583 probaverunt3
1042 2520 1092 2563 co·
1179 2494 1180 2532 ¹

99 2594 165 2654 hum
186 2592 259 2651 enim
279 2591 354 2668 apud
374 2598 490 2648 veteres
504 2587 635 2646 mundum
650 2587 808 2666 significat,
832 2587 898 2648 inde
913 2598 1034 2649 tractum
1050 2589 1093 2645 in·
1179 2615 1180 2626 ι

101 2678 218 2738 cohare.
254 2672 435 2752 Tranquillus
459 2689 572 2749 qnoque
593 2671 637 2731 his
659 2673 823 2732 adsentiens
839 2671 940 2733 libello
960 2688 1012 2731 suo
1029 2669 1093 2750 ple·
1179 2719 1180 2738 ,

100 2762 216 2821 nissime
231 2757 333 2818 aedem
346 2756 506 2815 incohatam
520 2757 559 2814 ita
575 2755 718 2813 disseruit.
747 2754 912 2816 Diomedes
924 2774 955 2834 p.
964 2762 1022 2816 362
1036 2754 1070 2815 Ρ.
1179 2751 1180 2772 ἶ

169 2857 225 2908 Non
243 2856 297 2904 sine
319 2853 420 2904 fastidio
439 2838 568 2904 ac'solum
584 2862 687 2918 propter
703 2855 831 2903 raritatem
843 2853 1016 2920 exemplorum
1032 2851 1094 2903 sub·
1103 2853 1128 2895 3⁰

100 2928 230 2977 iunximus
240 2923 338 2972 misella
351 2930 480 2987 excerpta,
500 2936 564 2985 quae
576 2921 780 2986 splendidissima
792 2921 950 2972 Palaemonis
969 2929 993 2971 et
1012 2921 1094 2970 'ih-arr
1179 2983 1180 2988 ¹

100 2995 170 3059 quilii
184 2994 285 3044 nomina
297 3006 357 3056 pree
372 3006 400 3040 se
413 2990 511 3050 ierunt,
523 2990 569 3039 sed
580 2989 661 3038 bonae
676 2988 758 3056 frugis
771 3005 859 3055 parum
876 2991 1010 3040 continent.
1047 2989 1094 3040 Usi
1175 3013 1180 3034 ι

100 3078 186 3114 sumus
207 3061 295 3110 codem
315 3060 399 3110 codice
417 3057 636 3122 Montepessulano
654 3058 747 3108 saeculi
770 3073 810 3118 rx,
829 3059 897 3108 unde
914 3057 1050 3108 Dorviliius
1067 3071 1093 3108 a.
1179 3085 1180 3090 =

101 3131 167 3182 1749
184 3129 293 3196 protulit.

161 3211 413 3270 Differentiae
432 3226 635 3268 sermonum
652 3208 783 3267 Remmi
799 3207 1033 3268 Palaemonis
1049 3224 1126 3267 exst

100 3293 200 3351 libro
216 3289 600 3369 SuetoniTrauqnilli
622 3290 1090 3370 quiinscribiturPratum.

162 3373 240 3430 inter
259 3382 373 3447 gnatum
394 3383 423 3431 ct
442 3375 549 3452 natum]
565 3385 667 3451 gnatus
684 3383 728 3434 est
745 3376 792 3452 qui
809 3393 846 3432 ex
864 3375 961 3452 aliquo
979 3391 1091 3450 genere
1169 3367 1180 3388 “

102 3455 194 3513 elficit
215 3453 338 3528 aliquem
358 3466 506 3530 parentem
529 3459 594 3533 ipse
616 3456 777 3531 nascendo,
798 3465 880 3516 natus
903 3467 948 3516 est
968 3458 995 3516 in
1015 3455 1091 3514 saltn
