2466 3896
506 225 674 272 pronatus.
1050 214 1090 274 95

92 397 130 439 ue
156 395 212 458 qna
234 376 456 458 deportarentur
478 378 532 437 nisi
554 395 695 439 concessa
718 387 765 440 aut
786 377 962 439 necessaria.
999 379 1089 440 Trans

92 463 223 524 Rhenum
237 479 308 522 vero
327 479 391 522 eum
405 465 481 523 uitae
498 462 627 523 ordinem
642 466 745 540 tenuit,
768 471 797 522 ut
811 463 917 523 sedens
933 464 960 523 iu
977 464 1089 543 cespite

92 545 169 606 nudo
192 545 285 605 cibum
301 554 437 625 caperet,
460 564 550 624 saepe
566 547 628 606 sine
644 548 768 609 tentorio
785 555 985 625 pernoctaret,
1005 566 1089 628 prae·

94 639 180 710 cepta
196 633 343 708 sequentis
355 630 411 690 diei
428 631 520 692 omnia
537 632 583 710 (et
594 631 618 689 si
629 630 696 710 quid
708 630 792 692 subiti
803 631 928 692 muneris
940 633 1088 709 iniungen-

29 779 31 786 ,
70 714 160 775 adum
179 723 275 791 esset,
296 733 350 794 per
365 713 498 792 libellos)
516 713 611 783 daret;
634 714 727 776 addita
740 716 896 776 monitione
911 723 956 794 ut,
979 714 1015 776 de
1030 734 1087 795 quo

94 793 215 878 quisque
230 797 388 876 dubitaret,
411 817 443 859 se
458 816 513 858 uec
528 798 586 858 alio
602 799 762 878 interprete
779 816 958 877 quacumque
974 799 1021 859 vel
1037 818 1087 861 uo-

94 884 148 943 ctis
166 883 237 942 bora
251 891 389 946 uteretur.
419 883 608 962 Disciplinam
623 883 763 944 acerrime
779 883 895 959 exegit,
911 884 1130 958 animadve-19

92 966 202 1027 sinuum
220 976 249 1026 et
268 967 485 1044 ignominiarum
507 966 664 1044 generibus
692 985 730 1028 ex
752 967 918 1043 antiquitate
944 969 1085 1046 repetitis,

11 1049 16 1059 '
92 1059 179 1130 atque
193 1051 278 1114 etiam
293 1050 391 1129 legato
407 1050 549 1129 legionis,
566 1050 642 1130 quod
657 1067 767 1129 paucos
782 1049 887 1110 milites
904 1068 966 1109 cum
983 1049 1086 1111 liberto

58 1143 146 1195 ltsuo
169 1143 248 1207 trans
270 1135 361 1213 ripam
377 1144 510 1196 uenatum
521 1135 668 1212 misisset,
688 1134 843 1212 ignominia
858 1141 967 1193 notato.
998 1133 1086 1194 Proe-

92 1218 146 1296 lia,
170 1219 298 1298 quamvis
318 1219 461 1278 minimum
479 1219 612 1280 fortunae
634 1219 806 1296 casibusque
820 1218 1015 1296 permitteret,
1036 1218 1085 1278 ali-

92 1310 196 1382 quanto
218 1304 396 1364 coustantius
413 1303 502 1363 inibat
522 1304 655 1380 quotiens
676 1301 845 1362 lucubrante
863 1319 912 1378 se,
937 1301 1030 1361 subito
1050 1319 1086 1362 ac

90 1386 171 1446 nullo
194 1386 394 1464 propellente,
417 1385 566 1448 decideret
586 1387 681 1446 lumen
704 1394 734 1446 et
747 1386 978 1464 extingueretur,
998 1386 1086 1446 conir-

4 1515 5 1526 ,
90 1471 173 1545 dens,
190 1478 219 1528 ut
236 1468 341 1547 aiebat,
358 1477 472 1530 ostento
494 1469 548 1530 sibi
567 1488 583 1530 a
604 1469 759 1531 maioribus
776 1472 835 1532 suis
851 1471 879 1531 iu
896 1471 971 1529 omni
983 1469 1086 1530 ducatu

54 1576 80 1617 ru
90 1554 305 1632 expertissimo.
335 1553 394 1614 Sed
408 1572 441 1615 re
456 1572 600 1634 prospere
618 1563 716 1632 gesta,
732 1573 790 1616 uon
804 1555 920 1615 multum
935 1554 1004 1614 aluit
1019 1555 1086 1634 quin

89 1658 106 1700 a
121 1636 260 1697 Bructero
283 1637 405 1716 quodam
426 1640 624 1716 occideretur,
646 1641 691 1700 cui
705 1641 779 1700 inter
794 1640 942 1718 proximos
958 1640 1085 1699 versanti

4 1791 9 1798 ¹
89 1729 120 1782 et
140 1719 331 1800 trepidatione
351 1723 468 1784 detecto
487 1725 637 1784 tormentis
652 1742 794 1803 expressa
811 1724 957 1784 confessio
975 1731 1020 1782 est
1037 1739 1157 1814 ott-s

89 1805 171 1884 gitati
185 1805 333 1866 laciuoris.
359 1807 386 1868 A
404 1805 554 1869 Germania
571 1810 599 1867 in
611 1807 711 1868 urbem
726 1817 795 1887 post
809 1807 952 1867 biennium
967 1825 1082 1886 regres-
1094 1825 1128 1877 πο

90 1907 139 1950 sus
155 1888 338 1968 triumphum,
362 1907 446 1970 quem
462 1891 625 1968 distulerat,
648 1893 724 1970 egit,
740 1891 984 1971 prosequentibus
999 1891 1083 1951 etiam

52 1972 212 2051 relegatis,
234 1974 336 2051 quibus
352 1974 532 2053 triumphalia
551 1985 716 2036 ornamenta
732 1976 907 2054 impetrarat.
938 1973 985 2033 Ac
1006 1975 1085 2052 prius

89 2073 174 2138 quam
195 2058 224 2116 in
239 2055 410 2137 Capitolium
426 2058 573 2135 ileoteret,
596 2058 775 2119 descendite
794 2077 878 2118 curru
894 2076 986 2136 seque
1002 2074 1084 2136 prae·

89 2140 194 2202 sidenti
212 2143 286 2220 patri
301 2141 337 2202 ad
351 2159 445 2220 genua
459 2143 606 2202 summisit.
632 2142 770 2202 betonem
783 2141 958 2201 Pannonium
973 2140 1084 2217 ducem,

5 2293 8 2300 ,
89 2226 254 2302 ingentibus
275 2225 409 2287 donatum
430 2229 581 2305 praemiis,
603 2227 769 2288 Ravennam
787 2224 944 2303 transtulit,
964 2224 1085 2303 gratiam

89 2308 238 2386 referens,
261 2309 338 2389 quod
359 2328 392 2371 se
413 2310 555 2389 quondam
572 2327 634 2370 cum
649 2310 779 2371 exercitu
794 2309 943 2388 iniquitate
957 2309 1015 2369 loci
1031 2309 1084 2369 cir-

55 2392 266 2453 nacumclusum
286 2412 390 2473 passus
412 2403 491 2454 esset
510 2394 645 2455 evadere.
675 2393 826 2455 Prandium
848 2393 952 2454 debinc
975 2392 1084 2473 populo
1121 2449 1123 2454 ,
1222 2464 1229 2472 „

88 2476 167 2538 mille
188 2478 310 2557 mensis,
332 2487 362 2538 et
381 2480 556 2556 congiarium
573 2486 711 2538 trecenos
734 2495 862 2538 nummos
877 2478 981 2538 viritim
997 2476 1084 2538 dedit.

87 2559 241 2621 Dedicarit
266 2570 296 2620 et
318 2560 500 2623 conmrdiae
525 2561 640 2640 aedem,
668 2563 735 2622 item
755 2562 883 2623 Pollucis
905 2571 934 2622 et
955 2561 1085 2623 Castoris

89 2661 142 2704 suo
168 2643 321 2723 fratrisque
347 2649 476 2723 nomine,
505 2645 542 2705 de
568 2644 716 2708 manubiis.
752 2646 799 2707 Ac
819 2665 877 2706 non
897 2646 985 2706 multo
1008 2644 1122 2724 post,2l

89 2726 158 2804 lege
181 2746 236 2806 per
252 2729 387 2790 consules
403 2729 460 2790 lata
475 2739 504 2790 ut
518 2733 684 2809 provincias
700 2749 762 2791 cum
778 2730 911 2808 Augusto
931 2728 1083 2790 commuui-

53 2821 133 2872 soter
155 2811 365 2873 administraret
385 2813 525 2893 simulque
547 2831 662 2874 oeusum
679 2823 793 2892 ageret,
816 2814 931 2874 condito
949 2811 1041 2874 lustro
1056 2811 1085 2870 in

86 2894 233 2970 lllpriuum
256 2898 406 2975 proiectus
429 2906 483 2963 est.
513 2897 550 2957 Et
572 2901 666 2958 statim
688 2917 725 2958 ex
740 2899 843 2959 itinere
860 2903 1014 2957 revocatus
1029 2895 1084 2955 iam

87 2978 203 3058 quidem
217 2980 374 3060 adiectum,
388 2980 441 3043 sed
455 2990 548 3042 tamen
563 2984 718 3061 spirantem
734 2981 827 3042 adbuc
842 2980 1002 3058 Augustum
1016 2997 1083 3059 rep-

88 3063 164 3142 perit
181 3063 290 3143 luitque
305 3083 359 3126 una
378 3075 494 3126 secreto
511 3083 566 3144 per
579 3074 669 3125 totum
685 3064 768 3125 diem.

150 3147 220 3207 Scio
235 3148 324 3226 vulgo
341 3167 508 3228 persuasum
524 3152 621 3228 quasi,
644 3167 767 3227 egresso
781 3157 848 3228 post
863 3155 1006 3209 secretum
1021 3165 1080 3207 ser·

52 3249 201 3294 samonem
222 3231 353 3310 Tiberio,
375 3251 435 3294 vox
448 3231 571 3311 Augusti
591 3253 646 3313 per
666 3232 860 3294 cubicularios
880 3240 1003 3310 excepta
1025 3231 1078 3292 sit:

87 3313 236 3376 ittonam
253 3317 400 3396 populum
425 3317 463 3379 rt.
492 3318 545 3397 qui
568 3317 624 3378 anub
648 3323 710 3378 tom
731 3317 820 3379 tenete
841 3316 978 3377 maxillis
1003 3315 1082 3376 erit!

86 3397 133 3460 Ne
140 3399 209 3460 illud
218 3400 331 3479 quidem
339 3403 442 3479 ignoro
456 3402 567 3481 aliquos
582 3402 745 3481 tradidisse,
754 3401 913 3482 Augustum
927 3399 1083 3480 palamnec

7 3507 28 3536 κ
88 3483 300 3547 dissimulanter
314 3502 423 3546 morum
442 3486 503 3547 eius
518 3486 660 3548 diritatem
674 3486 747 3548 adeo
761 3487 952 3570 improbasse,
964 3494 995 3546 ut
1011 3501 1082 3544 non-
