2434 3908
337 243 339 248 ,
434 194 642 243 PRAEFATIO.
944 199 991 247 XV

85 354 208 427 ligandis
225 355 308 410 rebus
324 353 424 410 eximia
436 371 469 410 ac
482 355 564 426 plana
581 353 731 426 singularis
745 341 813 412 tides
828 363 857 412 et
871 356 991 429 diligan-

87 440 136 509 tia‚
158 438 187 494 in
213 437 424 494 conscribcndis
445 437 593 510 prudentia
623 445 652 493 et
677 439 825 495 verborum
850 441 990 511 elegantia

86 540 160 580 rara.
203 523 244 577 lle
261 520 439 591 lontibus,
457 526 488 576 ut
500 536 572 576 nunc
587 521 735 593 loquimur,
751 521 877 579 Suetonii
894 531 990 581 nostra

86 606 219 663 memoria
238 603 315 660 multi
338 611 456 674 egerunt
469 605 514 660 val
532 605 650 660 omniura
665 606 710 661 vel
731 605 901 676 singularum
918 607 990 664 vita-

87 708 163 759 rum,
186 696 215 744 ιιι
230 687 395 758 Schweiger
412 687 535 757 Golbdry
550 688 658 744 llrause
678 689 758 744 l’rutn
775 688 874 761 'Egger
894 690 989 746 llirnal

86 773 282 841 Wiademann‚
297 786 367 844 quos
379 772 494 828 honoris
507 787 590 829 causa
602 772 725 844 appello,
740 772 791 828 sad
805 773 879 829 inter
894 790 990 830 omnes

88 856 234 927 convenit,
258 855 361 926 abique
385 855 503 912 idoneos
529 861 653 912 secutum
678 861 823 927 auctores,
845 874 989 929 numquam

87 940 225 1010 consilio,
238 939 386 1016 ¹rarissima
407 955 504 995 errore
526 940 596 996 falsa
617 939 775 996 tradidisse.
819 941 990 1012 Frequenter
1022 948 1027 960 “

24 1063 27 1076 ,
87 1024 242 1096 scriptores
264 1039 280 1080 a
298 1039 329 1079 sa
345 1022 488 1078 consultos
502 1023 660 1079 nominatim
676 1022 771 1093 allant,
792 1023 863 1081 Acta
880 1041 990 1096 quaqua

86 1107 184 1182 populi
202 1113 230 1162 at
245 1112 373 1175 senatus,
389 1105 466 1178 ipsas
484 1105 632 1163 Caesarum
648 1106 781 1178 epistolas
800 1109 989 1181 autographas¹

24 1217 25 1222 ι
87 1211 114 1266 p.
133 1195 177 1260 76,
192 1197 235 1249 22.
259 1190 486 1261 197.1adquas
509 1190 564 1263 ipsi
585 1191 676 1247 aditus
699 1191 828 1262 patebat,
854 1191 988 1264 inspexit,

87 1293 123 1331 na
138 1273 244 1332 libellis
259 1273 370 1346 quidem
390 1273 452 1329 sina
473 1273 583 1330 nomine
597 1272 719 1345 vulgatis
739 1273 908 1346 famosisque
924 1291 988 1330 var-

25 1411 26 1418 ,
88 1359 186 1417 siculis
203 1357 352 1430 neglectis,
368 1357 418 1435 sad
435 1357 554 1429 optimos
571 1373 696 1429 quosque
711 1365 840 1426 auctores
860 1363 889 1414 et
903 1375 989 1430 quan-

25 1463 26 1466 *
88 1442 220 1499 tumlleri
241 1441 331 1514 potuit
351 1441 435 1496 rebus
455 1441 544 1510 gestis
566 1443 697 1512 aequales
717 1447 838 1498 secutus.
882 1439 989 1510 Quanta

89 1544 155 1583 cura
168 1526 195 1581 in
209 1524 372 1581 diversitate
385 1522 549 1580 tradentium
563 1527 608 1580 vel
623 1525 739 1582 minutas
757 1542 802 1582 res
819 1525 989 1593 tractaverit,

91 1609 220 1681 exemplo
241 1624 304 1664 essa
324 1613 418 1679 potest
443 1624 470 1679 p.
495 1613 543 1666 121
568 1625 609 1680 sq.
627 1609 778 1681 disputatio
797 1609 831 1664 de
855 1610 920 1666 loco
941 1608 990 1664 ubi

90 1694 119 1750 0.
138 1691 265 1762 Caligula
279 1697 358 1747 natus
376 1691 422 1746 sit·
460 1689 548 1757 Quam
562 1692 712 1763 diligenter
728 1693 874 1764 primarios
892 1699 990 1749 aucto-

89 1792 137 1832 res
150 1774 230 1846 sequi
242 1776 342 1844 soleat,
357 1775 521 1831 documento
535 1782 578 1830 est
587 1775 651 1830 Divi
662 1775 782 1846 Augusti
797 1777 883 1832 index
897 1792 989 1832 rerum

89 1878 105 1916 a
135 1875 167 1915 se
188 1863 344 1930 gestarum,
373 1873 453 1928 quem
475 1865 675 1914 monumentum
694 1859 870 1930 Ancyranum
893 1859 989 1915 dicere

90 1941 294 2008 consuevimus,
310 1945 364 1996 hon
380 1941 463 1995 modo
478 1948 704 1998 commemoratus
718 1949 798 2013 pith,
813 1948 858 2012 29,
873 1943 924 1999 sed
937 1959 990 2016 per

88 2033 178 2084 totam,
189 2023 309 2096 Augusti
326 2023 411 2080 uitam
434 2023 552 2086 collatus
574 2025 608 2091 et
624 2025 652 2080 in
673 2041 752 2080 usum
771 2041 942 2096 conversas,
960 2031 990 2080 ut

89 2127 144 2166 non
158 2125 223 2166 raro
242 2108 287 2165 vel
303 2107 400 2164 eadem
414 2107 499 2162 verba
514 2108 712 2177 remanserint,
728 2114 757 2162 ut
772 2099 866 2186 pllb,
882 2114 926 2168 32.
944 2113 988 2176 47,

90 2198 208 2254 13-17.
231 2196 273 2260 57,
288 2196 413 2261 37-58,
428 2195 453 2250 7.
497 2188 701 2262 Nonnumquam
717 2190 826 2246 nimium
841 2191 990 2247 brevitatis

88 2277 209 2333 studium
222 2275 312 2331 fraudi
329 2274 391 2345 luit,
406 2280 436 2330 ut
451 2290 522 2346 qnae
538 2274 660 2330 discerni
676 2280 704 2331 et
716 2280 846 2346 poterant
861 2281 888 2330 at
903 2274 990 2331 daba-

88 2361 155 2418 bant
168 2360 196 2416 ia
214 2375 296 2415 uuum
310 2357 501 2430 coniungeret.
545 2359 586 2414 lle
600 2358 636 2414 iis
651 2357 805 2427 historicis,
821 2374 936 2429 quorum
953 2358 990 2413 li-

88 2444 132 2499 bri
147 2450 265 2500 actatem
280 2442 411 2516 tulerunt,
426 2441 564 2498 Velleium
578 2442 725 2514 losepham
736 2441 909 2498 Plutarchum
923 2459 990 2498 nus-

89 2545 170 2599 quam
185 2526 360 2584 consuluissa
375 2525 495 2595 videtur,
513 2525 634 2582 Tacitum
654 2526 678 2582 si
694 2542 747 2608 per
760 2531 877 2582 aetntaru
892 2526 990 2596 lagare

91 2611 181 2685 potuit
202 2616 231 2665 at
251 2609 337 2681 legit,
358 2609 387 2665 id
412 2610 487 2681 quod
507 2627 534 2682 p.
551 2615 620 2678 186,
643 2615 685 2669 26.
707 2615 771 2679 196,
797 2613 831 2669 37
853 2609 990 2665 credibile

91 2689 164 2768 flt⁴)‚
179 2700 257 2752 carta
272 2693 369 2748 ducam
385 2709 474 2765 neque
490 2693 518 2748 in
526 2693 632 2750 'liberii
646 2693 729 2750 rebus
746 2692 898 2768 tradendis,
916 2691 990 2762 quod

90 2779 205 2835 Sievers
232 2777 362 2850 putabat,
387 2793 478 2848 oeque
506 2777 533 2833 in
556 2777 711 2833 rebellione
735 2776 816 2831 trium
836 2774 1012 2848 principum·

90 2862 244 2919 enarranda
261 2866 373 2916 secutus
389 2866 441 2916 ast.

148 2947 179 3002 ln
194 2944 391 3018 componendis
408 2944 492 3000 rebus
515 2961 576 3000 eum
592 2944 651 3014 lare
668 2959 770 3000 morem
785 2947 875 3012 tenet,
896 2947 927 2996 ut
946 2957 992 2995 re-

90 3030 186 3103 petitis
213 3046 250 3086 ex
280 3028 443 3100 antiquitate
473 3027 595 3084 familiae
625 3029 670 3084 vel
703 3027 795 3100 gentis
824 3024 993 3096 originibus,

90 3114 178 3185 ipsius
191 3111 378 3186 imperatoris,
395 3111 473 3168 cuins
485 3112 569 3168 vitam
584 3111 853 3189 scribitpaeritiam
867 3108 992 3165 virilem-

157 3263 185 3321 4)
203 3260 281 3312 Multa
298 3275 387 3327 parum
406 3260 500 3310 ldonaa
514 3259 587 3310 affert
595 3259 692 3310 Krause
707 3259 739 3309 da
750 3257 864 3310 Suetonii
880 3255 993 3308 lontibus
1029 3279 1033 3288 ·

90 3344 113 3396 p.
131 3331 157 3380 4.
174 3330 200 3382 b.
217 3329 258 3382 70.
279 3330 361 3381 Barol.
383 3329 458 3381 1831.
494 3329 559 3379 Mala
577 3337 601 3379 et
620 3327 731 3378 Niebuhr
744 3329 770 3378 in
787 3327 915 3393 praelecta.
930 3325 991 3377 hist.

89 3397 160 3451 Rom.
178 3397 195 3450 d
213 3414 239 3466 p.
257 3398 307 3450 204
327 3398 411 3463 (alitor
428 3413 454 3464 p.
475 3398 520 3460 28)
545 3405 569 3448 et
589 3396 730 3447 Boettlcher
746 3397 773 3446 ln
791 3396 872 3447 laxlco
890 3394 993 3445 Tacitae

89 3465 209 3532 p.·xxu
226 3467 339 3519 Tacitum
358 3475 477 3535 putarant
490 3475 549 3533 post
563 3465 710 3516 Suetoulum
728 3461 869 3531 scripsisse.
