2434 3908
171 171 255 221 bxvl
512 169 717 216 PRAEFATIO.

175 338 252 388 terae
274 346 325 403 pro
341 330 444 403 duplici
460 329 569 402 positae
577 323 611 402 ⁵⁰)
628 345 716 400 pauca
735 327 871 392 inveniet;
894 335 990 384 eontra
1012 344 1075 384 sae-

174 415 289 486 pissime
302 415 426 482 Antonii,
442 413 564 468 Sallustii
578 420 631 467 etc.
652 417 680 466 et
699 412 745 467 vel
762 411 877 467 obiicere
892 419 921 467 et
936 412 1075 467 miliciam

173 503 306 570 seriptum
334 503 362 552 et
387 497 422 552 de
444 496 561 566 singuiis
583 494 728 552 vocabulis
748 495 931 551 adolescentes
939 489 992 569 ⁵¹),
1016 499 1074 567 epi-

171 583 255 651 stola,
286 595 374 652 pene,
403 586 522 647 tentare,
554 580 724 644 nonnionem,
755 586 888 651 quatum,
916 580 1073 649 vendicavit,

172 665 330 728 Brundusi,
359 680 529 736 quanquam,
557 679 695 734 anquam,
724 680 865 733 nunqnam
890 664 932 718 sio
950 669 979 718 ut
993 665 1073 720 vides

172 748 276 820 scripta
304 747 434 803 offendet.
476 746 571 803 Omnia
603 749 673 803 haec
703 754 834 819 reputans
858 746 948 802 codici
981 747 1073 803 Hene-

173 832 271 888 chiano
290 831 420 887 maiorem
436 847 515 901 quam
531 831 636 886 saeculi
656 829 720 885 xttl
739 836 855 886 aetatem
876 830 1001 887 tribuere
1018 845 1072 887 non

172 915 295 971 audebit.

231 998 335 1054 Eodem
348 1000 435 1055 altere
452 997 623 1070 quaestionis
637 1013 711 1067 pers,
729 1014 810 1068 quarn
827 999 1073 1070 tachygraphicam

172 1081 240 1151 dixi,
257 1088 387 1154 spectare
404 1083 525 1138 videtur.
570 1081 764 1137 Henoohienus
780 1083 862 1152 iiber,
881 1083 905 1137 si
921 1088 999 1137 recte
1015 1089 1072 1138 sta-

171 1167 270 1221 tuimus
284 1167 447 1223 Leidensem
461 1174 490 1221 et
506 1164 658 1221 Gudianum
678 1166 803 1220 codicem
824 1167 878 1222 duo
903 1165 982 1237 quasi
1003 1182 1073 1238 apo-

169 1252 274 1322 grapha
290 1252 351 1306 eius
367 1268 440 1319 esse,
455 1248 616 1306 necessario
635 1248 708 1303 omni
723 1265 828 1318 genere
844 1249 1070 1322 compendiorum

169 1340 197 1388 et
212 1335 346 1404 siglorum
361 1335 482 1389 refertus
495 1333 563 1403 init,
581 1348 696 1403 quorum
713 1332 797 1388 lectio
814 1350 952 1404 persaepe
968 1333 1072 1388 diiirci-

168 1418 203 1473 iis
227 1424 308 1489 etque
330 1418 456 1493 ambigua
478 1423 560 1472 esset.
605 1415 710 1470 Passim
732 1418 894 1488 compendia
922 1433 1072 1487 agnoscas,

169 1501 269 1571 quibus
289 1501 425 1557 vocabula
447 1501 634 1566 claternam,
656 1499 707 1554 lroc
729 1505 757 1554 et
779 1500 863 1571 laec,
888 1501 955 1556 niltil
976 1507 1004 1555 et
1021 1503 1071 1570 nil,

169 1583 376 1639 terminationes
396 1585 424 1638 in
445 1583 578 1654 perfectis
594 1589 675 1638 erant
696 1589 791 1638 ctera
812 1592 840 1638 et
862 1585 962 1640 similia
984 1601 1071 1654 aegre

169 1666 414 1736 distinguerentur.
440 1667 471 1722 iu
487 1667 604 1737 singuiis
619 1667 765 1723 vocabulis
780 1667 834 1723 tria
853 1669 979 1740 exempla
993 1684 1071 1740 pono

168 1749 280 1806 inventa
302 1750 403 1821 pagina
425 1755 475 1810 271
500 1751 650 1808 dimidiata.
693 1752 784 1806 Versu
809 1752 880 1807 enim
904 1759 937 1812 18
958 1767 1009 1824 pro
1034 1768 1071 1807 eo

170 1833 244 1905 quod
259 1841 302 1889 est
315 1839 419 1890 tantam
430 1851 484 1889 non
499 1836 569 1890 aiter
583 1835 672 1891 scriba
691 1843 780 1891 tamen
794 1852 862 1900 nen,
881 1837 952 1891 aiter
966 1841 1071 1890 tantam

168 1917 246 1972 mado
259 1918 350 1983 dedit;
366 1935 449 1976 versu
465 1925 497 1980 27
513 1920 649 1989 quoddam
666 1920 856 1990 compendium
870 1920 919 1974 iile
928 1933 1071 1990 pasena·

167 2003 227 2069 lent,
246 2000 292 2057 hic
306 2005 498 2072 proconsulem
515 2004 680 2075 explicavit3
697 2019 780 2058 versu
795 2010 827 2062 31
846 2004 895 2059 ille
912 2005 940 2057 in
954 2005 1070 2074 wenna,

168 2086 213 2144 hic
227 2088 256 2141 in
267 2093 413 2157 conspecta
433 2086 573 2144 invenisse
590 2087 645 2143 sibi
660 2089 737 2143 visus
760 2093 811 2142 est·
854 2087 891 2142 At
904 2103 973 2142 vero
995 2088 1070 2143 haud

167 2173 227 2227 scic
249 2188 284 2226 an
301 2171 443 2244 quisquam
459 2172 500 2227 rei
518 2172 623 2242 peritus
638 2188 727 2241 genus
744 2171 900 2242 scripturae
922 2179 975 2226 tam
991 2186 1068 2226 com-

165 2255 338 2327 pendiarium
350 2256 489 2328 antiquius
507 2256 620 2317 saeculo
634 2255 697 2310 xltt
714 2254 856 2310 habiturus
873 2255 919 2311 sit.

230 2336 403 2402 Quarundam
416 2339 606 2395 diversitatum
621 2356 672 2410 per
687 2337 799 2394 codices
815 2339 987 2395 inventarum
1001 2355 1069 2394 eau-

167 2436 213 2476 sas
236 2420 263 2474 in
283 2420 346 2491 ipso
361 2423 539 2478 Henochiano
561 2423 634 2477 libro
656 2423 827 2492 quaerendas
850 2440 912 2478 esse
933 2429 1015 2495 pule;
1037 2423 1069 2477 iit

167 2503 239 2559 enim
262 2519 460 2576 nonnumquam
476 2513 528 2562 tam
548 2506 576 2560 in
591 2506 719 2562 Leideusi
740 2522 819 2576 quam
835 2505 958 2562 Gudianc
981 2506 1067 2576 libro,

167 2593 196 2642 ut
210 2587 280 2642 duae
298 2587 434 2644 lectiones
453 2590 540 2645 altera
556 2605 639 2661 supra
656 2590 769 2644 alteram
786 2591 907 2661 scriptae
923 2591 988 2646 sint.
1017 2589 1068 2646 Sic

165 2689 193 2745 p.
214 2677 282 2740 261,
304 2676 337 2729 21
353 2671 379 2726 in
398 2680 514 2743 utroque
533 2688 687 2728 marmoreo
702 2674 807 2743 legitur
823 2690 905 2745 supra
922 2673 1067 2744 posterius

165 2755 290 2812 alittera
311 2772 329 2810 a
352 2756 458 2819 addita:
481 2774 508 2828 p.
525 2762 593 2824 264,
617 2763 651 2816 33
673 2757 722 2811 ille
739 2757 876 2812 Oatclinae
888 2775 907 2813 a
921 2756 1065 2829 imposito,

166 2839 213 2895 hio
229 2840 369 2896 Catulinae
391 2841 520 2913 imposito
540 2843 552 2895 i
576 2840 710 2904 ostendit;
731 2858 757 2912 p.
774 2847 842 2910 269,
868 2848 902 2901 33
929 2841 977 2896 ilie
1003 2853 1066 2894 res-

165 2925 264 2995 copniti
281 2932 345 2979 sant
365 2925 457 2980 deleto
475 2930 563 2980 tamen
579 2924 716 2995 priores,
737 2923 782 2978 hic
802 2925 934 2996 recopniti
951 2931 1015 2979 rant
1035 2929 1066 2978 et

166 3087 255 3170 eedapt
281 3097 364 3139 temen
390 3087 483 3138 Graeca
509 3089 640 3148 aeramen,
670 3086 853 3150 paraphrasis,
885 3087 975 3147 illene,
1003 3101 1065 3150 spn-

165 3154 280 3286 maede)
290 3226 346 3308 cir.
364 3241 440 3291 supra
452 3241 476 3290 p.
492 3225 569 3274 va.
603 3225 676 3274 Adde
687 3223 764 3274 Senti
771 3261 778 3285 ,
797 3223 899 3286 Spoleti,
913 3224 1064 3285 Mediolani,

166 3292 913 3426 Bmgii'semetadulescentibusetneptepenaainvenitur.
934 3361 1007 3410 Adde
1016 3375 1062 3408 an·

166 3433 247 3495 ripas
265 3444 290 3495 p.
305 3429 367 3490 263,
384 3432 426 3480 29.
