2392 3926
156 242 217 304 318
437 253 467 302 c.
489 253 652 302 suuuonu
672 255 883 315 unsuourum

155 408 263 487 pendit,
280 410 412 486 opinatur
428 410 476 486 qui
491 408 620 487 opinioni
636 419 683 470 aut
701 427 770 470 suae
786 418 833 470 aut
848 409 966 471 alterius
983 411 1095 489 credit,
1112 433 1145 475 ar

154 492 275 552 bitratur
289 492 336 570 qui
353 490 456 551 dubiae
471 494 513 552 rei
525 492 616 571 finem
628 493 770 573 imponit,
792 495 971 572 suspicatur
984 497 1040 575 qni
1056 497 1155 558 latent·

155 575 195 636 tis
214 576 262 635 rei
281 575 424 653 prospicit
439 575 570 636 formam.

213 671 373 732 Prohibere
397 682 426 733 et
443 673 586 752 inhibere]
604 672 759 752 probibere
781 682 826 734 est
847 691 935 753 porro
955 675 1088 754 babere,
1113 681 1152 739 in·

154 755 254 816 bibere
275 765 378 816 nautae
397 757 425 816 in
439 775 493 817 usu
507 756 627 825 babent;
651 767 679 816 et
700 756 775 836 quod
796 757 980 837 prohibemus
1003 761 1087 838 iure,
1112 765 1169 828 ins

154 839 284 900 bibemus
298 841 430 918 imperio.

217 922 425 985 l'lcuitudinem
440 934 468 986 et
480 924 658 1005 plenitatem}
676 924 822 1005 plenitudo
840 942 994 1005 corporum
1008 935 1067 1004 est,
1087 928 1150 1005 ple-

154 1010 228 1069 nitas
242 1026 356 1077 rerum;
379 1010 417 1069 ita
438 1008 643 1088 plenitudinem
664 1008 818 1068 obesorum
835 1026 1004 1089 corporum,
1024 1010 1149 1090 plenita-

154 1102 212 1153 tem
228 1093 418 1171 quarumlibet
432 1093 551 1154 dicimus
565 1110 669 1152 rerum.

215 1176 332 1238 Precnri
355 1186 384 1237 et
405 1176 566 1256 deprecari]
590 1194 741 1256 precamur
760 1177 861 1254 deum,
885 1176 1078 1257 deprecamur
1096 1178 1177 1237 bon

153 1263 254 1322 mines.

215 1359 338 1436 Regium
353 1366 382 1417 et
396 1357 538 1437 regalem}
551 1358 649 1434 regius
661 1375 733 1436 puer
742 1365 788 1417 est
799 1359 891 1436 regis,
904 1357 1013 1436 regalis
1028 1375 1085 1418 rex
1100 1362 1148 1435 qui

154 1443 231 1522 regit
248 1458 378 1519 regnum.

215 1524 358 1586 Relictum
372 1532 400 1582 et
415 1524 559 1584 desertum
572 1525 630 1622 boc
639 1493 733 1584 dilicrt
734 1523 1019 1604 quodrelnnquumur
1026 1533 1148 1602 sponte,

153 1611 310 1671 deserimur
324 1608 412 1666 inviti.
1156 1625 1174 1666 u

211 1690 352 1769 Reliquos
368 1699 397 1750 et
410 1690 798 1770 eeteroslreliquosdicimus
813 1692 932 1753 relictos
948 1691 1145 1770 stromatibus,

154 1784 269 1836 ceteros
284 1789 357 1852 quos
374 1775 542 1852 excipimus.

211 1856 363 1920 Redibium
380 1875 434 1936 per
448 1857 467 1917 b
483 1866 512 1918 et
524 1857 662 1919 rediviam
677 1876 760 1938 perv
775 1857 1059 1938 litteramlredibium
1066 1861 1146 1939 quod
1182 1924 1183 1941 q

152 1943 279 2004 nascitur
293 1941 385 2002 semel
401 1942 430 2001 in
447 1959 538 2018 auno,
560 1942 699 2002 redivium
713 1942 791 2022 quod
806 1961 897 2023 saepe
914 1943 1082 2004 revivescit.

211 2028 326 2104 Regum
343 2034 372 2087 et
384 2026 497 2106 pyram]
514 2043 585 2104 pyra
601 2027 767 2105 sacrificiis,
785 2043 875 2105 rogus
889 2025 1041 2087 deiunctis.
1152 2041 1175 2084 rr

215 2125 425 2204 sempiternum
454 2133 483 2184 et
518 2126 699 2205 perpetuum}
724 2125 856 2203 Nigidius
877 2126 906 2183 iu
934 2125 1009 2185 libro
1040 2135 1144 2205 quarto
1181 2177 1182 2193 r

152 2213 205 2272 ait:
236 2207 450 2287 scrnpitcmnm
474 2208 681 2269 inmortalium
710 2227 829 2285 rocem,
857 2215 1037 2288 perpetuom
1062 2227 1143 2272 mor·

151 2293 259 2356 talium
273 2298 338 2362 cst;
359 2291 554 2371 perpetuitas
573 2293 650 2352 enirn
670 2293 703 2352 in
716 2300 827 2353 nostra
848 2298 963 2352 nctnra
983 2297 1040 2369 est,
1062 2310 1145 2372 qnae

149 2376 273 2457 perpeti
289 2375 463 2437 accidentia
484 2382 601 2455 potest,
628 2376 855 2454 sempiternitas
875 2375 994 2454 infinita
1019 2383 1081 2453 est,
1106 2395 1142 2438 oo
1180 2415 1181 2446 r

152 2460 236 2540 qnod
248 2476 377 2537 semper.
1151 2485 1174 2527 u

215 2542 351 2604 sedulum
365 2552 393 2603 et
410 2542 526 2621 seriunrl
543 2542 659 2602 sedulus
674 2545 736 2604 siue
752 2543 820 2603 dolo
836 2551 922 2604 estet
936 2551 1078 2621 strenuus,
1094 2563 1141 2604 se·
1179 2591 1180 2594 η

150 2631 210 2690 rius
224 2628 307 2707 quasi
324 2644 444 2686 severus
458 2635 487 2685 et
502 2643 604 2705 asper;
625 2627 717 2687 serias
732 2628 815 2687 etiam
830 2627 921 2688 dictas
934 2644 983 2686 res
1004 2645 1021 2687 a
1037 2627 1141 2688 barba·
1179 2639 1180 2699 l

150 2715 190 2773 ris
211 2713 259 2792 qui
274 2711 362 2771 Seres
377 2709 568 2790 appellantur,
585 2711 735 2788 asperrimi
754 2719 782 2771 et
796 2711 965 2772 austerrimi.

212 2809 391 2871 Sceleratum
407 2807 586 2868 scelerosum
601 2816 631 2867 et
645 2807 800 2868 scelestum
815 2807 843 2868 id
858 2807 963 2887 differt}
977 2806 1141 2868 sceleratus

151 2902 197 2955 est
218 2911 271 2954 suo
292 2892 389 2971 aliquo
413 2890 528 2952 scelere
552 2892 757 2952 contaminatus
774 2890 822 2951 vel
844 2891 938 2970 aliqua
961 2892 1171 2969 contagiones

152 2978 277 3056 pollutus
300 2985 329 3036 et
348 2975 473 3045 infamis:
496 2976 644 3036 scelestus
662 2984 757 3035 antem
779 2974 920 3036 scelerum
945 2974 1089 3052 cogitator
1112 2984 1141 3036 et

151 3063 326 3129 conmissor3
354 3059 519 3120 scelerosus
546 3076 634 3136 vero,
660 3061 741 3137 quasi
769 3057 923 3119 insidiosus
944 3058 1139 3137 periculosus,
1177 3095 1178 3098 =

150 3155 270 3224 propter
284 3143 478 3204 assiduitatem
493 3143 644 3203 scelerum
1177 3111 1178 3205 l

213 3227 306 3287 Silere
321 3235 350 3286 et
364 3227 475 3306 tacere]
495 3227 542 3306 qui
562 3226 628 3286 silet
643 3223 746 3285 desiuit
769 3226 866 3305 loqui,
887 3234 964 3286 tacet
979 3233 1072 3286 autem
1089 3226 1138 3306 qui

149 3309 272 3368 mondum
288 3311 395 3388 coepit.
1145 3297 1177 3384 „l

208 3404 363 3502 Coqsequi‚
386 3411 513 3507 assequi,
536 3409 659 3488 insequi]
684 3409 885 3508 consequimur
901 3407 1177 3489 praecedentem,l

58 3571 62 3578 ι
151 3486 327 3563 assequimur
342 3488 436 3550 studio
445 3493 641 3571 ‚insequimur
655 3492 805 3552 inimicum.
