2434 3908
176 195 279 244 mn
512 192 718 241 PRAEFATIO.

181 353 284 424 aliquis
307 369 339 407 ea
357 368 426 422 quae
444 369 471 422 p.
486 357 643 412 275-278
666 353 699 407 dc
723 353 796 408 ludis
813 353 981 409 Graecorum
997 354 1078 409 oble.

181 435 380 505 atamentisque
396 434 603 505 convivalibus,
627 443 681 490 tum
697 453 765 507 quae
781 454 807 508 p.
824 443 875 496 282
891 437 925 492 da
942 436 1077 492 conviciis

181 526 210 576 et
224 517 379 575 maledictis
394 517 466 590 apud
482 520 594 574 cosdem
610 519 720 574 usitatis
735 520 822 575 relata
837 527 909 589 sunt,
926 537 1015 591 neque
1027 521 1077 576 du-

181 603 240 660 bito
256 602 321 674 quin
336 601 401 656 mibi
419 617 581 657 assensurus
606 603 658 672 sit,
683 619 743 656 cuna
763 602 827 658 illos
843 604 954 659 libellos
970 603 1077 658 Graeco

180 702 309 742 sermone
327 683 447 756 scriptos
463 683 551 740 fuisse
563 685 666 740 iudico.
710 684 766 740 Nec
781 703 832 756 per
847 703 877 741 sa
893 686 1078 758 improbabile

181 775 234 839 est,
252 775 367 840 utroque
382 783 508 824 sermone
524 768 671 840 scripsisse
687 769 822 825 bominem
839 771 872 825 ab
891 776 980 824 aetate
991 770 1076 824 Fron.

181 852 271 921 tonis,
285 850 432 920 Favorini,
447 849 531 907 llarci
547 851 678 907 Antonini
695 853 767 908 baud
782 852 820 915 ita
834 853 918 922 longe
934 859 1077 910 remotum.

242 936 272 991 ln
292 935 371 992 libris
386 935 511 991 ludorum
525 936 579 989 boc
595 951 705 1006 quoque
721 934 784 990 addi
799 951 885 1007 posse
901 935 1020 991 videtur.
1044 936 1075 990 Si

181 1025 211 1075 ut
231 1020 411 1076 Romanorum
431 1017 469 1074 ita
491 1018 657 1074 Graecorum
677 1035 786 1090 quoque
807 1019 887 1075 ludos
903 1018 1079 1090 Tranquillus

181 1103 275 1160 Latine
297 1101 442 1174 exposuit,
467 1118 515 1156 cur
529 1117 582 1157 non
598 1100 690 1172 potius
707 1108 835 1173 quattuor
850 1102 938 1158 libros
952 1101 1077 1158 ludicrae

181 1185 223 1243 rei
238 1185 404 1243 coniunctim
422 1184 526 1254 edidit,
555 1200 668 1255 quorum
688 1174 742 1242 dno
758 1185 940 1254 Graecorum,
962 1185 1078 1243 totidem

180 1272 359 1327 Romanorum
374 1269 471 1336 ludos,
495 1274 523 1322 et
540 1268 610 1324 alter
626 1268 735 1338 quidem
755 1270 878 1339 pucriles
901 1268 1078 1324 convivales.

179 1371 233 1426 que
248 1353 338 1422 iocos,
354 1353 424 1409 alter
441 1351 589 1407 certamina
605 1368 637 1406 ac
652 1353 809 1423 spectacula
826 1352 936 1424 publica
951 1351 1078 1408 contina·

179 1429 243 1493 ret?
265 1437 321 1493 Sed
344 1435 419 1489 clarc
440 1434 567 1490 traditum
582 1441 641 1504 cst,
663 1451 714 1490 nec
736 1451 845 1490 causam
861 1434 1018 1504 ambigendi
1034 1433 1079 1489 vi-

181 1522 249 1588 deo,
274 1535 327 1574 uno
355 1518 429 1573 libro
452 1516 618 1573 Graecorum
643 1518 739 1587 iocos,
761 1519 867 1576 duobus
895 1519 1079 1575 Romanorum

179 1603 338 1674 spectacula
356 1607 384 1655 et
399 1601 547 1656 certamina
565 1601 651 1656 luisse
669 1601 815 1672 exposita,
831 1603 849 1656 i.
866 1619 891 1657 e.
907 1598 941 1657 ab
957 1599 1079 1670 origini-

181 1687 232 1742 bus
248 1684 365 1756 repetita
383 1688 410 1738 et
422 1690 546 1738 veterum
565 1684 732 1756 scriptorum
747 1685 913 1741 testimoniis
928 1685 1077 1740 illustrata.

179 1769 275 1839 Neque
291 1767 375 1822 ullum
386 1766 498 1838 reperio
514 1768 735 1837 spectaculorum
748 1767 881 1828 Graeciae
899 1774 1080 1824 tractatorum

180 1851 338 1921 vestigium.
376 1850 443 1904 lude
459 1850 587 1920 conficio,
603 1857 631 1905 ut
645 1849 673 1904 bi
689 1850 761 1905 tituli
777 1867 829 1907 uon
846 1868 896 1923 pro
916 1851 997 1906 unius
1013 1867 1078 1905 cor-

180 1935 259 2009 poris
272 1934 397 2006 partibus
412 1933 575 2002 habeantur,
593 1934 665 2005 quod
681 1933 772 1989 multis
787 1935 907 2005 placuit,
923 1934 972 1990 sed
987 1934 1080 2004 probe

180 2019 396 2089 distinguantur.
438 2017 562 2072 Alterum
585 2033 655 2088 opus
677 2017 854 2074 monobiblon
872 2016 978 2073 Graece
1007 2015 1081 2072 scri-

180 2111 254 2176 ptum
270 2101 437 2159 Graecorum
453 2101 529 2156 lusus
545 2100 679 2171 iocosque
694 2101 848 2170 tractabat,
873 2102 988 2157 alterurn
1003 2098 1078 2155 Lati-

180 2205 242 2243 num
254 2187 435 2242 Romanorum
449 2184 538 2256 primo
556 2185 627 2240 libro
645 2201 703 2238 rem
717 2184 866 2254 scenicam,
883 2183 1007 2240 secundo
1023 2181 1081 2237 cir·

181 2287 281 2326 censes
300 2269 465 2340 explicabat.
511 2266 627 2322 Titulum
641 2284 668 2338 p.
686 2271 748 2336 278,
763 2272 798 2327 36
814 2268 859 2338 qui
875 2267 964 2324 estin
980 2265 1081 2321 libro

182 2353 223 2410 de
244 2367 437 2423 puerorum
459 2350 601 2406 lusibus
623 2356 780 2422 suspectum
802 2352 910 2420 habeo,
933 2365 984 2404 nec
1009 2348 1081 2404 solis

182 2433 337 2507 puerilibus
349 2434 422 2490 ludis
433 2434 533 2489 librum
549 2433 583 2488 da
595 2432 705 2490 duobus
717 2435 831 2489 alterum
847 2435 981 2505 repletum
992 2431 1081 2487 luisse

183 2517 278 2573 credo.
324 2515 379 2571 Sed
393 2523 481 2572 utrum
498 2515 598 2572 Servio
613 2532 664 2587 pro
679 2518 708 2570 in
723 2517 790 2572 libro
806 2513 982 2573 scribendum
996 2514 1082 2570 luerit

180 2601 330 2670 incapite,
349 2616 382 2656 au
398 2600 538 2656 diversum
559 2599 670 2655 omnino
687 2617 702 2655 a
721 2601 913 2672 superioribus
931 2602 986 2656 boc
1009 2614 1081 2669 opus

181 2685 348 2755 tertiumque
363 2683 397 2739 de
414 2700 444 2738 rc
457 2682 564 2737 ludicra
579 2682 754 2753 Tranquillus
771 2684 934 2756 scripserit,
960 2699 1014 2738 nou
1030 2681 1080 2735 dc·

181 2785 276 2825 cerno.
322 2767 501 2823 casaubonus
531 2766 564 2820 de
586 2767 755 2822 Graecorum
785 2767 886 2822 lusibus
915 2765 1079 2838 reponebat

182 2851 310 2908 Ceterum
324 2867 394 2922 opus
410 2850 492 2905 multa
514 2866 604 2904 rerum
620 2849 757 2906 varietate
776 2851 955 2922 conspicuum
970 2848 1081 2902 Tertul-

180 2935 256 2993 liano
278 2942 306 2992 ct
321 2933 447 2990 Diomedi
468 2934 550 2989 etiam
573 2950 627 2989 non
648 2933 821 2990 monentibus
837 2933 897 2989 usui
917 2933 977 2988 tuit.
1023 2931 1082 2988 Sed

181 3020 323 3088 nonnulla,
339 3023 369 3072 ut
384 3033 499 3088 eaquae
513 3021 657 3089 patum
672 3018 707 3072 dc
723 3018 869 3089 conqiuriis
884 3015 994 3071 alluma
1010 3031 1081 3083 rege

182 3103 285 3174 populo
302 3102 375 3159 datis
392 3108 419 3156 et
436 3118 463 3173 p.
477 3107 539 3169 280,
551 3105 586 3160 28
602 3101 636 3156 de
653 3101 762 3172 origine
780 3101 908 3158 vocabuli
923 3101 981 3155 sica
1000 3097 1083 3152 nimis

182 3185 329 3255 nugatorie
347 3185 500 3254 traduntur,
519 3184 590 3240 falso
607 3184 640 3240 ad
657 3183 819 3240 Suetonium
834 3191 975 3240 auctorem
992 3181 1082 3236 relata

182 3267 313 3324 arbitror.
357 3268 387 3323 ln
410 3267 506 3323 ultimo
530 3267 618 3324 lrusto
636 3284 662 3339 p.
687 3273 754 3336 280,
776 3274 809 3329 36
824 3267 988 3324 vocabulum
1008 3265 1082 3320 viros

184 3349 325 3405 excidisse
339 3352 463 3414 videtum
485 3366 536 3405 neo
557 3351 645 3405 minus
663 3351 831 3422 epigramma
848 3350 967 3421 excidit,
989 3345 1083 3419 qualia

182 3431 318 3488 ldartialis
332 3438 359 3499 8,
374 3440 415 3492 43.
438 3439 465 3502 9,
482 3438 524 3492 78.
547 3440 589 3500 10,
607 3440 641 3493 43
656 3432 729 3489 lusit.
