2450 3910
584 141 601 178 1

368 238 730 288 uivusvnsensmuus.
989 225 1050 287 229

62 405 148 458 trema
162 395 354 456 obtestatione
370 395 508 455 ultionem
522 395 681 456 mandantis
697 403 727 455 et
741 403 772 454 ut
785 395 869 473 reip.
883 392 1051 456 subveniret

62 482 202 560 optantis;
223 479 306 540 simul
321 496 419 539 rumor
433 478 603 559 dissipatus,
623 479 785 540 destinasse
801 481 942 540 rictorem
958 480 1049 541 Vitel-

26 631 27 644 ,
60 563 123 625 lium
138 573 302 644 permutare
322 562 442 624 hiberna
463 564 609 641 legionum
632 572 662 623 et
682 564 868 626 Germanicas
892 566 1049 626 transferre

60 649 86 708 in
97 649 243 710 Orientem
256 648 291 710 ad
304 649 482 710 securiorem
497 648 717 726 mollioremque
728 648 864 709 militiam.
894 648 1050 713 Praeterea

38 744 95 794 tex
110 733 293 815 praesidibus
307 734 521 812 provinciarum
537 731 662 792 Licinius
676 731 824 793 Mucianus
848 743 876 792 et
899 752 914 793 e
930 736 1050 814 regibus

59 819 245 897 Vologaesus
258 817 391 894 Parthus,
407 817 456 877 ille
474 816 607 897 deposita
625 817 780 892 simultate,
798 835 882 896 quam
893 819 922 878 in
937 820 966 879 id
976 830 1048 880 tem·

59 921 110 980 pus
125 922 163 964 ex
177 903 368 964 aemulatione
383 918 441 961 non
457 902 582 962 obscure
603 901 735 980 gerebat,
751 901 901 975 Syriacum
918 905 1050 980 promisit

58 989 232 1064 exercitum,
254 986 302 1046 bic
327 985 517 1066 quadraginta
538 987 615 1047 milia
638 986 863 1064 sagittariorum.
906 986 1079 1068 Susceptol

57 1072 143 1150 igitur
156 1072 236 1133 civili
251 1071 331 1131 bello
346 1089 382 1132 ac
399 1070 518 1131 ducibus
538 1072 690 1150 copiisque
704 1071 732 1129 in
747 1068 858 1130 ltaliam
871 1072 1048 1150 praemissis,

28 1163 48 1206 ¹⁰
58 1157 169 1217 interim
185 1154 391 1217 Alexandriam
405 1157 533 1234 transiit,
551 1165 579 1214 ut
595 1156 718 1216 claustra
738 1155 867 1234 Aegypti
893 1156 1048 1234 optineret.

56 1241 110 1302 llic
128 1255 192 1302 cum
209 1240 245 1300 de
264 1241 395 1300 firmitate
410 1241 522 1318 imperii
536 1249 670 1319 capturus
683 1241 841 1318 auspicium
852 1237 953 1300 aedem
965 1239 1049 1301 Sera·

57 1327 132 1403 pidis
147 1325 296 1386 summotis
312 1323 443 1383 omnibus
458 1324 539 1384 solus
554 1326 699 1401 intrasset,
716 1341 751 1383 ac
766 1323 921 1403 propitiato
933 1322 1050 1385 multum

57 1410 113 1471 deo
132 1409 247 1470 tandem
262 1427 295 1468 se
313 1409 522 1486 convertisset,
545 1407 690 1468 verbenas
713 1424 895 1487 coronasque
919 1418 948 1469 et
970 1410 1048 1488 pani-

56 1496 140 1572 ficia,
164 1502 195 1553 ut
214 1492 274 1553 illic
297 1491 423 1570 assolet,
449 1490 591 1552 Basilides
612 1491 733 1553 libertus
754 1492 895 1554 obtulisse
920 1495 947 1553 ei
971 1495 1051 1554 visus

27 1585 47 1628 ¹⁵
56 1589 117 1648 est;
136 1595 221 1656 quern
234 1594 330 1655 neque
346 1577 499 1638 admissum
511 1596 526 1638 a
541 1594 685 1656 quoquam
697 1587 726 1636 et
736 1579 792 1638 iam
805 1577 917 1657 pridem
929 1588 1051 1659 propter

55 1678 212 1722 nervorum
227 1661 411 1723 valitudinem
423 1663 472 1722 vix
487 1660 600 1741 ingredi
611 1662 758 1741 longeque
770 1662 876 1724 abesse
889 1663 1049 1724 constabat.

54 1747 100 1808 Ac
124 1746 217 1806 statim
240 1745 386 1807 advenere
407 1745 536 1826 litterae,
561 1747 640 1807 fusas
664 1745 739 1826 apud
763 1745 935 1809 Cremonam
949 1748 1051 1810 Vitelli

56 1831 171 1911 copias,
187 1831 281 1908 ipsum
296 1831 324 1890 in
340 1831 412 1890 urbe
430 1833 630 1910 interemptum
644 1833 814 1892 nuntiantes.

118 1913 286 1975 Auctoritas
311 1923 341 1974 ct
366 1917 447 1994 quasi
466 1917 602 1976 maiestas
625 1915 765 1994 quaedam
779 1925 810 1976 ut
825 1915 939 1976 scilicet
958 1917 1050 1996 inopi-

26 2010 125 2062 mnato
145 1993 173 2058 et
189 1998 281 2059 adbuc
301 2015 378 2058 novo
398 2000 522 2078 principi
545 1997 660 2068 deerat;
680 1999 753 2059 baec
776 2017 892 2078 quoqne
914 2001 1049 2060 accessit.

55 2085 79 2144 Ε
95 2083 185 2165 plebe
200 2082 314 2162 quidam
328 2081 480 2142 luminibus
497 2082 626 2160 orbatus,
644 2084 712 2143 item
723 2083 798 2143 alius
810 2084 897 2144 debili
910 2103 993 2144 crure
1005 2103 1051 2144 se·

56 2170 173 2229 dentem
187 2185 241 2247 pro
258 2165 392 2228 tribunali
408 2169 518 2246 pariter
534 2167 677 2245 adierunt,
701 2176 818 2228 orantes
840 2184 927 2246 opem
948 2169 1048 2228 valitu-

56 2253 115 2313 dini
130 2253 381 2314 demonstratama
398 2251 539 2332 Serapide
554 2270 608 2330 per
620 2252 759 2330 quietem:
774 2252 969 2312 restituturum
980 2271 1049 2313 ocu·

56 2338 119 2416 los,
137 2339 162 2398 si
176 2338 346 2416 inspuisset;
370 2337 600 2396 confirmaturum
625 2354 709 2412 crus,
733 2337 757 2395 si
779 2337 945 2414 dignaretur
967 2337 1049 2399 calce

26 2439 47 2482 ts
58 2423 240 2500 contingere.
285 2419 356 2482 Cum
378 2422 429 2480 vix
450 2421 521 2481 iides
542 2429 623 2481 esset
642 2420 701 2480 ullo
721 2421 807 2482 modo
821 2439 884 2482 rem
898 2440 1050 2484 successu-

56 2525 128 2586 ram,
143 2506 268 2586 ideoque
285 2525 321 2566 ne
337 2507 465 2584 experiri
480 2504 594 2585 quidem
610 2504 744 2584 auderet,
764 2514 894 2567 extremo
912 2507 1049 2568 hortanti·

56 2592 111 2654 bus
126 2592 226 2651 amicis
240 2592 334 2670 palam
348 2607 400 2670 pro
414 2591 551 2651 contione
561 2598 711 2669 utrumque
722 2591 881 2670 temptavit,
896 2610 951 2653 nec
964 2611 1050 2654 even·

56 2685 102 2736 tus
120 2676 222 2737 deiuit.
252 2674 397 2736 Paridem
411 2683 524 2752 tempus
539 2674 657 2752 Tegeae
673 2676 700 2733 in
716 2673 843 2736 Arcadia
856 2677 990 2737 instinctu
1002 2695 1049 2736 va·

57 2762 233 2821 ticinantium
249 2760 357 2820 effossa
373 2766 438 2818 sunt
454 2768 568 2819 sacrato
584 2759 652 2820 loco
668 2777 738 2820 vasa
753 2761 853 2839 operis
867 2761 991 2839 antiqui,
1011 2769 1050 2819 at-

26 2857 116 2924 soqne
132 2847 161 2906 in
172 2845 208 2905 iis
224 2843 358 2905 assimilis
373 2844 557 2924 Vespasiano
574 2845 681 2920 imago.

121 2927 202 2990 Talis
216 2938 351 3008 tantaque
367 2946 430 2989 oum
445 2928 520 2988 lama
536 2929 564 2987 in
576 2928 675 2987 urbem
688 2946 842 3006 reversus,
868 2938 933 2989 acto
956 2929 992 2987 de
1005 2928 1079 2999 lus

59 3014 140 3074 daeis
161 3013 317 3095 triumpho,
340 3012 506 3073 consulatus
527 3021 596 3072 octo
620 3014 712 3072 veteri
732 3013 851 3083 addidit;
872 3016 1002 3092 suscepit
1023 3021 1051 3072 et

60 3115 221 3176 censuram,
240 3117 275 3159 ac
291 3116 344 3178 per
359 3105 448 3158 totum
462 3097 575 3176 imperii
589 3105 702 3176 tempus
718 3097 788 3157 nibil
799 3097 897 3158 babuit
909 3098 1050 3176 antiquius

60 3201 145 3262 quam
167 3201 262 3264 prope
284 3183 418 3243 aiilictam
437 3190 640 3260 nutantemque
656 3199 717 3241 rem
737 3200 765 3260 p.
787 3180 916 3242 stabilire
947 3183 1050 3263 primo,

27 3285 51 3327 ts
61 3267 165 3328 deinde
181 3277 210 3328 et
224 3285 337 3327 ornare.

123 3351 229 3413 Milites
244 3369 311 3431 pars
327 3349 469 3410 victoriae
487 3350 600 3427 fiducia,
617 3367 684 3429 pars
700 3351 875 3428 ignominiae
896 3352 999 3413 dolore
1016 3353 1052 3414 ad

61 3451 174 3498 omnem
188 3436 331 3498 licentiam
346 3433 551 3516 audaciamque
565 3445 786 3514 processerant;
809 3435 862 3497 sed
887 3447 916 3498 et
936 3441 1051 3520 provin·

62 3521 126 3580 ciae
141 3519 331 3602 civitatesque
343 3519 471 3599 liberae,
485 3538 541 3580 nec
556 3538 614 3583 non
635 3529 664 3581 et
684 3539 775 3600 regna
795 3523 935 3603 quaedam
952 3523 1051 3586 tumul·

708 3797 732 3875 (s)
