2450 3910
541 189 643 238 moro.
1034 180 1093 244 183
1152 240 1153 244 ,

162 343 248 402 Suam
265 340 378 420 quidem
393 343 555 421 pudicitiam
570 363 660 425 usqne
678 347 751 408 adeo
767 349 922 427 prostituit,
944 357 973 408 ut
995 357 1091 409 couta-
1101 359 1154 414 29·

99 426 211 486 minatis
227 444 320 504 paene
338 427 468 487 omnibus
483 427 618 488 membris
633 433 789 492 novissime
806 435 887 512 quasi
902 451 996 510 genus
1012 433 1092 492 lusns

1 549 2 562 η
100 512 292 588 excogitaret,
310 528 367 590 qno
388 511 469 572 ferae
492 512 570 590 pelle
592 523 741 575 contectus
765 518 943 578 emitteretur
964 535 980 577 e
1002 535 1092 578 casea

99 597 283 672 virorumque
303 613 339 655 ac
361 595 528 656 feminarum
550 595 585 656 ad
611 599 735 677 stipitem
762 599 953 679 deligatorum
977 601 1093 678 inguina

77 678 258 755 sinnaderet,
274 687 302 738 et
325 698 388 739 cum
407 680 512 740 allatim
534 679 726 761 desaevisset,
747 686 939 745 conficeretur
959 703 975 745 a
999 685 1091 760 Dory·

100 762 194 842 pboro
209 762 329 833 liberto;
347 765 392 823 cui
408 765 502 842 etiam,
519 765 594 825 sient
610 768 666 845 ipsi
682 768 805 846 Sporus,
822 771 859 828 ita
871 771 935 847 ipse
947 768 1091 849 denupsit,

99 864 190 908 voces
206 865 321 927 qnoque
337 857 366 908 et
380 847 522 910 heiulatus
536 851 592 910 rim
610 853 776 930 patientium
798 853 939 930 virginum
958 854 1090 914 imitatus.

98 931 144 992 Ex
157 931 302 991 nonnullis
311 933 441 1010 comperi
453 936 701 1011 persuasissimum
712 935 849 996 habuisse
861 955 935 1013 eum,
946 937 1092 997 nemiuem

98 1015 245 1076 bominem
259 1015 404 1094 pudicum
418 1024 473 1078 out
484 1017 550 1079 olla
564 1020 706 1098 corporis
715 1027 809 1098 porte
818 1037 932 1098 purum
949 1037 1026 1098 esse,
1039 1038 1089 1081 oe-

65 1119 165 1166 strum
191 1100 359 1180 plerosque
383 1100 580 1164 dissimulare
602 1103 709 1164 citium
735 1111 765 1165 et
791 1105 904 1165 collide
929 1109 1092 1184 optegere·

97 1185 222 1263 ideoque
239 1184 382 1263 professis
398 1185 473 1264 apud
490 1205 522 1246 se
540 1189 748 1249 obscenitatem
769 1198 866 1264 cetera
887 1205 1002 1267 quoque
1024 1205 1078 1247 con

99 1270 226 1331 cessisse
242 1267 356 1328 delicta.
1115 1289 1152 1334 ,κ

159 1353 326 1412 Diuitiarum
343 1361 372 1412 et
387 1356 527 1431 pecuniae
542 1355 664 1416 fructum
682 1374 739 1416 non
760 1354 845 1417 alium
868 1356 985 1436 putabat
1006 1362 1135 1434 quamdo

99 1436 306 1515 profusionem,
322 1436 470 1498 sordidos
486 1455 526 1500 oc
539 1438 693 1518 deparcos
715 1457 784 1501 esse
804 1440 916 1520 quibus
936 1441 1090 1518 impenso-¹

63 1539 165 1584 rarum
183 1520 267 1582 rutio
290 1526 456 1597 constaret,
474 1523 661 1601 praelautos
686 1542 817 1604 vereque
841 1524 1021 1604 magnificos
1041 1541 1093 1604 qut

75 1663 77 1667 .
98 1603 297 1665 abuterentur
312 1623 352 1666 ac
364 1605 537 1684 perderent.
566 1616 568 1619 ’
582 1609 727 1670 Laudabat
742 1610 952 1688 mirabaturque
966 1626 1090 1670 aruncu-

97 1689 155 1748 lum
171 1687 269 1750 Gaium
283 1689 362 1750 nnllo
377 1692 469 1768 magis
488 1695 613 1770 nomine,
628 1712 712 1773 quam
731 1694 808 1773 qnod
829 1695 955 1772 ingentis
973 1711 991 1761 a.
1006 1691 1090 1754 Tibe·
1109 1752 1113 1758 ,
1142 1755 1147 1767 ,
1207 1743 1211 1752 .

96 1774 141 1832 rio
165 1772 282 1832 relictas
303 1791 377 1853 opes
398 1777 426 1834 in
446 1775 529 1835 brevi
553 1779 647 1855 spatio
672 1778 866 1856 prodegisset.
911 1779 1008 1853 Quare
1036 1794 1091 1836 nec
1106 1773 1162 1796 ‘'⁴'‘

12 1891 17 1899 ι
96 1855 238 1934 largiendi
254 1875 309 1917 nec
324 1857 490 1919 absumendi
505 1861 619 1922 modum
636 1863 734 1922 tenuit.
778 1860 809 1921 ln
827 1862 996 1940 Tiridatem,
1015 1859 1092 1940 qnod

60 1942 146 2002 sovix
164 1939 302 2000 credibile
321 1942 460 2020 videatur,
477 1946 632 2022 octingena
647 1963 788 2004 nummum
807 1946 884 2005 milia
907 1945 1006 2005 diurna
1027 1961 1090 2002 ero·

96 2026 176 2102 gavit
192 2025 366 2104 abeuntique
381 2045 470 2105 snper
484 2029 648 2088 sestertium
662 2030 756 2088 milies
772 2029 899 2089 contulit.
943 2028 1091 2088 Menecra-

97 2119 145 2169 ten
161 2108 356 2171 citharoedum
370 2119 399 2170 et
415 2111 562 2189 Spiculum
573 2113 782 2188 myrmillonem
794 2113 1003 2192 triumphalium
1015 2111 1091 2170 viro·

96 2211 158 2254 rnm
173 2195 349 2272 patrimoniis
371 2193 547 2276 aedibusque
569 2196 695 2256 donavit.
740 2195 981 2274 Cercopithecnm
1001 2193 1106 2255 Pane--

1 2284 6 2299 '
96 2287 190 2338 rotem
204 2279 409 2357 feneratorem,
427 2289 456 2340 et
470 2281 586 2341 urbanis
601 2282 773 2360 rusticisque
789 2281 914 2360 praediis
930 2279 1090 2357 locupleta·

60 2371 165 2438 sctum,
182 2380 276 2441 prope
293 2366 376 2441 regio
393 2365 495 2425 extulit
509 2365 620 2424 funere.
664 2364 778 2425 Nullam
792 2375 903 2426 restem
925 2364 970 2423 bis
990 2361 1089 2424 indnit.

1 2519 2 2524 γ
98 2445 311 2524 Quadringenis
325 2450 353 2507 in
369 2458 504 2528 punctum
522 2451 665 2510 sestertiis
681 2449 774 2510 aleam
789 2451 865 2510 lusit.
900 2448 1030 2509 Piscatus
1046 2455 1091 2506 est

96 2539 159 2590 rete
178 2541 277 2592 aurato
293 2541 321 2592 et
337 2550 463 2613 purpura
486 2551 638 2611 coccoque
661 2534 774 2594 innibus
797 2535 889 2595 nexis.
932 2532 1091 2611 Numquam

95 2614 187 2673 minus
201 2616 280 2676 mille
298 2618 425 2678 carrucis
440 2618 548 2678 iecisse
563 2619 618 2676 iter
633 2616 767 2694 traditur,
788 2619 877 2680 soleis
894 2617 1031 2677 mularum
1047 2633 1090 2674 ar·

96 2700 219 2775 genteis,
246 2701 418 2762 canusinatis
438 2701 620 2779 mulionibus,
639 2703 778 2764 armillata
798 2702 977 2781 tolerataque
997 2699 1090 2760 lilaea·

62 2782 532 2863 roonmturbaatqnecnrsorum.
1112 2809 1169 2848 ᾳ

158 2865 223 2926 Non
238 2869 265 2926 in
282 2868 338 2932 alia
353 2889 385 2930 re
399 2880 493 2931 tamen
509 2871 674 2932 damnosior
686 2891 770 2952 quam
786 2874 813 2931 in
830 2866 1019 2944 aedificando,
1037 2864 1086 2925 do·
1098 2873 1132 2928 ³1

95 2967 171 3011 mum
186 2971 202 3012 a
217 2951 326 3014 Palatio
342 2952 487 3034 Esquilias
502 2974 593 3035 usqne
609 2956 690 3033 lecit,
706 2975 790 3035 qnam
806 2956 897 3033 primo
916 2951 1031 3012 transi
1041 2958 1090 3008 to·

95 3036 199 3112 riam,
216 3053 283 3096 mox
294 3038 430 3099 incendio
446 3039 624 3118 absumptam
639 3043 856 3118 restitutamque
875 3053 1020 3099 auream
1041 3049 1090 3092 no

95 3121 220 3180 minavit.
257 3120 301 3181 De
318 3124 398 3184 cuins
410 3126 504 3201 spatio
517 3133 601 3204 atque
615 3124 692 3184 cultu
704 3125 850 3186 suffecerit
862 3122 935 3182 haec
946 3119 1090 3180 retulisse.
1204 3189 1206 3194 ¹

61 3203 277 3264 coVestibnlnm
293 3207 354 3266 eins
372 3208 431 3284 luit,
450 3208 477 3266 in
494 3226 551 3288 qno
568 3207 701 3268 colossus
718 3207 797 3269 CXX
811 3206 915 3287 pedum
935 3211 1026 3263 staret
1047 3203 1091 3282 ip

96 3287 155 3348 sius
177 3287 294 3366 effigie:
314 3299 391 3352 tanta
407 3292 521 3368 laxitas,
537 3302 567 3352 nt
583 3294 712 3371 porticus
735 3292 866 3372 triplices
887 3288 1022 3348 miliarias
1042 3286 1090 3346 ba·

2 3439 3 3444 1
95 3370 193 3443 berem
209 3373 277 3433 item
295 3382 426 3452 stagnum
438 3377 524 3436 maris
539 3377 637 3453 instar,
654 3379 892 3456 circumsaeptum
905 3370 1044 3435 aediliciis
1056 3369 1092 3429 ad

95 3456 205 3518 urbium
222 3461 363 3536 speciem;
381 3477 447 3520 rura
462 3459 599 3540 insuper,
615 3463 692 3522 arvis
713 3471 798 3542 atqne
818 3461 923 3522 sinetis
950 3465 979 3516 et
995 3455 1091 3537 pascis
1114 3478 1120 3494 =
