2392 3926
208 245 486 294 DEPERDITORUM
506 244 687 294 LIBRORUM
708 245 909 306 ποιιοοιιτ.
1001 235 1063 295 277
1190 287 1192 326 ,

215 389 350 504 βέβληκ’
364 388 530 495 Ἀχιλλεύς
548 390 609 460 660
613 391 721 497 κύβω
736 393 793 461 καὶ
806 395 944 478 τέτταρα

62 480 118 547 καὶ
118 480 225 583 ἑξής·
251 479 340 564 λέγει
349 473 428 585 γάρ
450 474 511 543 δύο
534 474 682 562 μονάδας
703 478 760 562 καὶ
776 480 928 580 τέτταρα.
957 484 1063 546 ἔκειτο

64 560 94 631 6'
111 558 253 648 ὁστίχος
266 566 303 629 έν
317 587 362 653 τφ
349 561 565 668 Εὐριπίδου
579 561 723 662 Τηλέφφ
745 554 810 627 σύν
824 559 936 641 ἄλλοις
951 567 1064 674 ίαμβι-
1193 565 1195 656 ’,

63 661 146 756 κοῖς,
161 653 247 714 6666
261 630 468 752 κυβεύοντας
481 639 560 748 τούς
573 639 685 731 ἥρωας
690 625 864 747 εἰσήγαγε.
881 650 1064 734 περιῃρέθη
1194 679 1195 684 ’

38 734 117 815 ιδέ,
143 750 262 839 φησιν,
288 729 369 797 ὅλον
393 731 500 796 έκεῖνο
521 753 560 795 το
587 724 791 830 ἐπεισόδιον,
791 735 1065 832 χλευασθέντρς

63 817 113 882 66'
136 811 226 918 αύτῷ
245 819 307 881 606
320 811 513 915 ποιήματος.
540 813 642 905 Λέγει
655 806 726 878 666
741 814 845 917 ταῦτα
859 811 1065 898 παραδιδούς

63 894 161 966 666‘
137 925 181 977 69
202 886 296 966 06
256 923 310 1001 τη
317 899 432 986 παιδιᾷ
450 894 553 984 ταύτη
574 921 739 1004 χρωμενοι
760 891 826 963 άπὸ
847 900 914 1000 666
938 899 975 964 66
996 913 1065 975 τοῖς

62 982 179 1070 κύβοις
203 979 379 1088 τρημάτων
404 995 597 1105 τρηματῑται
621 979 793 1066 ἐλέγοντο,
823 978 983 1067 παράγων
1009 985 1065 1078 666

62 1071 181 1155 χρήσιν
193 1064 381 1169 Σώφρονος
394 1091 449 1133 το·

22 1177 54 1216 ιο
215 1147 395 1253 δειπνήσας
411 1143 579 1251 ὠστίζεται
592 1162 661 1224 τοις
675 1145 979 1253 τρηματιζόντεσσι·

63 1230 159 1302 καλ”
140 1261 192 1301 οτι
205 1232 371 1314 ε’σπούὸαζ
355 1239 424 1314 ζετο
445 1259 466 1320 η
455 1227 601 1318 ‘666666
616 1226 659 1299 06
673 1231 780 1335 μόνον
794 1227 884 1335 6666
898 1239 1063 1341 Σικελοζς,

64 1314 148 1385 ιἰλλά
161 1345 203 1385 κα
204 1313 369 1468 λἈθηναί
367 1342 437 1400 οις,
453 1342 484 1383 οι
472 1315 601 1416 ''66666
579 1317 723 1419 νίεροῑς
736 1310 971 1429 ἀθροιζόμενοι
985 1311 1065 1385 ἐκύ-

10 1477 13 1482 ,
62 1407 184 1512 βευον,
203 1428 245 1506 66
246 1399 413 1508 ὶμάλιστα
430 1400 468 1503 66
481 1403 528 1466 τώ
541 1403 599 1486 τής
613 1397 932 1504 ΣκιράδοςἈθηνοῖς
951 1426 997 1492 τφ
984 1401 1065 1468 ἐπὶ

64 1492 185 1589 σκίρω,
201 1480 256 1571 ἀφ’
278 1511 319 1590 06
306 1473 446 1552 “666
409 1511 449 1550 66
464 1467 547 1587 6666
561 1481 764 1594 κυβευτήρια
785 1481 974 1586 σκιράφεια
973 1470 1064 1589 6666-

23 1596 54 1636 15
63 1551 196 1656 μαζετο
227 1557 316 1650 ἐξ
289 1594 337 1636 ων
362 1568 418 1636 καὶ
444 1566 552 1634 πάντα
575 1571 616 1634 66
636 1567 902 1676 κακουργήματα
924 1564 979 1635 διὰ
997 1565 1064 1676 666

63 1657 100 1721 έν
107 1659 333 1846 6666666009
354 1656 575 1742 ρᾳδιουργίαν
597 1657 756 1739 σκίραφοι
780 1653 971 1720 ἐκαλοῦντο.
997 1649 1065 1720 Ἱπ-

63 1734 190 1806 πώνα·

214 1827 249 1888 τί
259 1847 300 1908 με
315 1819 491 1908 σκιράφοις
505 1817 704 1902 άτιτάλλεις;

60 1911 270 2010 Πεπηίηνται
284 1907 336 1989 66,
362 1925 462 2006 φησι,
486 1906 541 1971 καὶ
555 1903 736 2009 προστάται
757 1909 818 1974 τού
835 1903 922 1974 οὕτω
937 1911 1064 1985 παίζειν

24 2018 55 2060 ιο
60 1985 177 2077 Ἑρμῆς
189 1989 245 2056 καὶ
257 1957 347 2073 1166,
363 1983 454 2055 καθά
451 1991 524 2089 τής
502 1991 699 2136 ,μουσικῆς
709 1983 879 2057 Ἀπόλλων
894 1988 949 2055 καὶ
963 1992 1065 2054 Μού-

65 2093 131 2140 σαι.
173 2069 258 2182 Τούς
278 2071 314 2139 66
335 2067 479 2171 πεσσούς
502 2078 591 2159 λεγει
613 2069 747 2178 ψήφους
767 2073 852 2141 εἶναι
870 2074 985 2156 πέντε,
1013 2067 1064 2150 669

65 2157 118 2225 ἐπὶ
144 2159 243 2225 πέντε
270 2159 431 2261 γραμμῶν
454 2161 587 2257 ἔπαιζον
603 2156 870 2262 ἑκατέρωθεν,η
855 2183 911 2223 ινα
926 2157 1063 2233 ἕκαστος

65 2245 133 2308 τών
147 2238 377 2309 πεττευόντων
391 2246 446 2342 666
461 2235 519 2317 τάς
532 2236 611 2307 καθ’
630 2240 759 2307 ἑαυτόν.
773 2242 986 2345 Σοφοκλής·

229 2326 285 2392 καὶ
300 2320 406 2391 πεσσά
420 2322 657 2435 πεντάγραμμα
670 2324 726 2390 καὶ
740 2322 854 2410 κύβων
869 2330 978 2429 βολαί,

25 2414 286 2516 πΠαρετείνετο
303 2409 355 2494 δέ,
380 2427 479 2515 φησι,
495 2412 539 2474 δι’
555 2411 666 2475 αὐτῶν
682 2407 737 2474 666
748 2412 830 2495 μέση
845 2406 993 2520 γραμμή,
984 2403 1064 2512 ,ήν

65 2493 159 2577 ίερὰν
173 2487 359 2598 ώνήμαζογ,
380 2489 470 2598 (ὦς’
455 2494 610 2603 6666666
635 2495 804 2595 δηλοῦται)
826 2493 896 2560 ἐπεὶ
926 2493 1064 2560 ονικώ-

5 2602 164 2663 μενος
179 2571 232 2680 66'
249 2545 448 2688 6066666'
407 2572 512 2662 αυτήν
525 2580 618 2643 ἵεται.
644 2571 727 2643 ὅθεν
741 2578 796 2643 καὶ
812 2582 986 2683 παροιμία·
1010 2604 1064 2643 κι-

65 2675 137 2727 νεῖν
160 2656 220 2728 τόν
240 2655 288 2746 άφ
291 2660 422 2768 Ἱερᾶς,
442 2667 544 2727 λίθον
565 2657 708 2747 δηλαδή,
735 2661 788 2728 ἐπὶ
816 2663 883 2727 τών
910 2657 1064 2746 άπεγνω-

66 2745 198 2830 σμένων
214 2744 269 2811 καὶ
283 2745 436 2852 έσχάτης
435 2750 604 2847 βοηθείας
620 2745 802 2895 δερμέγων.
828 2742 1000 2844 Σώφρων·

29 2863 57 2904 30
219 2825 344 2932 κινήσω
373 2821 409 2895 6'
420 2824 484 2915 666
499 2829 554 2894 καὶ
570 2828 670 2896 666
638 2854 696 2896 τον
711 2825 765 2914 ἀφ’
787 2831 890 2916 ίερᾶς·

64 2906 213 2990 ’Λλκαίος
228 2914 266 2980 66
278 2930 382 2999 φησιν
396 2914 433 2979 έκ
451 2910 638 3018 πλήροης·

469 3000 534 3062 νῦν
549 2992 579 3063 0'
597 2984 695 3073 οὗτος
709 2997 874 3100 έπικρετει

216 3079 358 3190 κινήσας
367 3075 427 3148 τὸν
441 3076 487 3184 66
489 3075 589 3166 ’ίρᾶς
603 3075 747 3184 πυκιηόν
763 3085 873 3146 λίθον.

71 3167 232 3234 Τοιοῦτον
247 3165 284 3233 δὲ
306 3166 361 3232 καὶ
357 3162 464 3272 πριρά
483 3170 665 3268 Θεοκρίτφ
664 3162 718 3232 τό·

32 3273 57 3312 6
271 3245 330 3317 τὸν
346 3245 410 3317 666
426 3252 576 3351 γραμμάς
589 3246 714 3334 κινήσω
729 3254 839 3314 λίθον.

66 3331 243 3434 Διοδώρου
258 3335 312 3420 66,
331 3352 424 3438 φησι,
440 3358 501 3436 του
487 3335 723 3432 Μεγαρικοῦ
729 3324 952 3436 ἐνάγοντος
919 3355 978 3398 τον
992 3356 1064 3397 τοι*

67 3421 168 3485 ούτον
193 3423 294 3485 λίβον
325 3412 412 3495 εἰς’
396 3414 574 3504 ομοιότητα
597 3420 654 3524 669
677 3419 744 3482 τών
758 3413 897 3516 άστρων
921 3419 1061 3522 χορείαις,

11 3502 233 3588 Κλέαρχος
254 3515 323 3579 τοῖς
351 3504 449 3570 πέντε
463 3503 545 3588 φησὶ
567 3501 733 3588 πλάνησιν
747 3495 934 3586 άναλογεῐν.
963 3499 1063 3585 Λέγει
1092 3515 1095 3520 ’
