2392 3926
164 241 439 302 nnrnnornonunn
460 242 642 292 nrnnonuu
663 242 863 303 nnnronrnn.
955 233 1017 295 317

80 398 176 458 Orare
198 408 226 458 et
248 398 423 477 triumphare
444 399 501 459 boc
524 398 636 476 differt,
657 399 736 477 quod
754 397 932 477 triumphans
947 415 1016 478 qna·

17 482 109 562 drigis
126 483 239 542 vehitur
255 491 284 542 et
306 491 459 543 coronatus
481 483 580 544 laurea
598 500 709 543 corona
729 481 914 562 subsequitur
935 500 1015 560 pom—

18 585 96 646 pam:
122 568 171 646 qui
186 576 280 626 autem
296 577 380 644 ovat,
402 576 449 627 aut
469 586 559 646 super
574 585 677 647 equum
692 567 828 646 tripudiat
846 575 893 627 aut
914 569 1018 628 mirtea

18 669 127 712 corona
145 654 255 712 cinctus
271 669 406 731 pompam
419 652 579 731 praecedit.

80 735 187 796 Omnes
217 745 338 796 cunctos
372 743 401 796 et
429 737 600 816 universos]
631 753 732 796 omnes
759 753 879 814 quorum
908 737 1016 796 mentio

16 829 75 889 est;
101 821 196 880 cuncti
210 822 258 899 qui
273 819 379 898 ubique
394 829 473 889 sunt;
490 822 618 880 universi
632 830 775 898 tamquam
787 821 815 877 in
832 837 917 879 unum
928 823 1015 880 versi.

84 903 177 965 Orare
192 914 222 964 et
238 905 366 984 precari]
384 920 469 965 orare
483 904 587 965 dicitur
602 905 736 983 quoniam
757 905 817 962 oris
836 907 911 964 ratio
926 904 1016 982 ducit,

15 996 45 1048 et
58 991 106 1068 qui
127 997 191 1049 orat
212 989 297 1050 etiam
315 998 451 1067 precatur
465 998 494 1050 ut
510 987 637 1050 Exorat
652 1006 786 1067 peccam
810 997 839 1048 at
864 991 910 1068 qui
931 997 1017 1066 rogat

14 1090 74 1133 non
89 1074 188 1152 utique
207 1082 286 1149 orat,
306 1072 357 1133 sed
373 1072 563 1152 deprecatur,
586 1075 664 1154 quod
681 1075 766 1134 etiam
781 1074 905 1151 imperiti
919 1072 954 1132 ad
966 1072 1015 1132 de·

16 1157 193 1237 precandum
210 1155 397 1216 descendunt.

76 1241 168 1302 Omne
189 1250 219 1301 et
238 1241 340 1320 totum]
359 1258 443 1301 omne
458 1244 673 1302 universitatem
691 1243 846 1320 significat,
863 1250 952 1302 totum
967 1259 1015 1302 so·

13 1325 164 1386 liditatem.

78 1408 229 1469 Ostentum
252 1418 410 1470 monstrum
436 1419 465 1470 et
493 1410 668 1490 prodigium]
693 1419 837 1472 ostentum
859 1411 922 1470 sine
951 1428 1015 1471 cor·

12 1512 90 1574 poro
112 1493 207 1553 solido
230 1493 314 1554 nobis
336 1511 369 1553 se
390 1492 516 1554 ostendit
533 1503 563 1554 et
583 1494 677 1555 oculis
697 1504 727 1555 et
742 1495 858 1557 auribus
879 1493 1015 1571 obicitur,

14 1588 45 1639 ut
59 1576 185 1638 interdiu
202 1577 353 1656 tenebrae,
372 1587 460 1639 nocte
474 1577 539 1646 iun;
563 1579 727 1658 prodigium
743 1579 820 1659 quod
834 1578 936 1640 solidis
952 1596 1015 1639 cor·

12 1662 135 1743 poribus
148 1663 335 1742 conspicitur,
354 1663 429 1722 utin
445 1662 529 1722 caelo
545 1673 676 1724 cometes
693 1664 779 1725 stella
793 1673 842 1725 aut
855 1664 919 1732 iax;
935 1680 1015 1725 mon·

11 1757 105 1807 strum
121 1746 198 1826 qnod
217 1747 346 1827 [contra]
367 1757 496 1809 naturam
509 1751 655 1826 cognitam
670 1747 829 1827 egreditur,
844 1759 874 1809 ut
889 1765 1015 1828 serpens

13 1850 80 1892 cum
92 1830 224 1911 pedibus,
240 1833 304 1891 aris
321 1850 385 1891 cum
397 1831 461 1891 1111.
479 1831 542 1892 alis.

76 1916 242 1994 Properate
262 1924 292 1975 ct
314 1917 466 1996 festinare]
484 1927 623 1994 properat
641 1919 689 1997 qui
705 1936 789 1978 unum
805 1916 940 1997 quodque
956 1935 1014 1978 ma·

13 2009 80 2060 ture
95 1999 244 2076 transigit;
261 2000 380 2060 festinat
396 2003 443 2079 qui
459 2001 541 2061 simul
556 2001 644 2062 multa
660 2001 761 2080 incipit
775 2020 833 2062 nec
848 2001 972 2081 perficit.

75 2083 215 2145 Polliccri
242 2093 271 2144 et
293 2086 475 2164 promittere}
491 2087 681 2164 promittimus
703 2088 817 2165 rogati,
842 2085 1016 2165 pollicemur

11 2169 100 2230 uitro.

77 2253 212 2315 Pecudes
230 2263 260 2314 et
274 2253 397 2334 pecora]
416 2247 545 2332 pecudes
561 2270 634 2313 oves
651 2263 757 2315 tantum
772 2256 946 2334 accipimus,
963 2273 1014 2334 pe·

12 2355 85 2400 cora
101 2347 197 2399 antem
212 2339 334 2400 mixtura
352 2341 475 2399 omnium
489 2338 652 2399 animalium
670 2349 726 2398 est.

74 2421 173 2483 Palam
194 2433 223 2484 et
245 2423 356 2503 coram]
379 2423 474 2501 palam
499 2424 622 2483 omnium
643 2425 837 2503 praesentium
859 2432 945 2502 nota,
965 2441 1013 2484 co·

11 2525 73 2568 ram
91 2525 248 2586 personam
263 2511 400 2586 accipere
416 2505 571 2567 desiderat.

75 2591 207 2652 Patrium
220 2601 251 2651 et
268 2591 430 2670 paternum]
449 2593 571 2670 patrium
586 2609 602 2652 a
617 2593 713 2670 patria
725 2594 818 2672 venit,
832 2602 982 2672 paternum
998 2610 1014 2653 a

12 2685 108 2754 patre.

73 2759 207 2820 Pomaria
222 2767 252 2819 et
268 2759 398 2839 pometa]
414 2760 542 2838 pomaria
560 2777 630 2819 vasa
645 2760 780 2838 dicimus,
796 2761 872 2821 sicut
886 2760 1013 2830 olearia;

13 2853 134 2921 pometa
150 2845 224 2903 siout
240 2841 348 2903 oliveta
363 2851 393 2903 ct
408 2845 504 2922 ficeta,
518 2843 632 2903 maleta.

73 2928 161 2989 Prior
175 2928 255 2988 venit
276 2937 305 2988 et
325 2937 391 2988 ante
406 2928 498 3007 venit}
521 2930 604 3007 prior
626 2926 662 2987 ad
683 2928 867 3008 dignitatem,
891 2938 957 2991 ante
979 2929 1014 2990 ad

10 3019 129 3091 tempus
144 3012 278 3073 retertur.
596 3079 599 3085 ,

76 3096 201 3157 Primum
229 3106 257 3156 et
286 3095 425 3176 priorem]
456 3097 538 3176 prior
558 3095 679 3156 alterum
708 3098 874 3176 praecedit,
905 3099 1012 3178 primus

11 3197 125 3241 omnes.

77 3263 218 3343 Proprius
240 3274 269 3326 et
282 3264 415 3344 propius}
433 3266 571 3343 proprius
589 3265 710 3343 domini,
734 3267 854 3345 propius
876 3275 922 3327 est
941 3267 1011 3330 loci.

77 3348 165 3410 Paret
179 3358 208 3409 et
223 3349 357 3429 apparet]
371 3358 455 3428 paret
469 3350 603 3428 imperio,
620 3358 742 3430 apparet
755 3349 928 3412 videntibus.

77 3433 161 3493 Putat
180 3435 324 3495 existimat
342 3435 474 3512 opinatur
500 3433 655 3495 arbitratur
677 3442 706 3495 et
729 3437 892 3515 suspicatur
911 3436 940 3498 id
960 3435 1013 3498 dii·

11 3517 83 3598 iert]
104 3525 185 3597 putat
198 3519 246 3600 qui
263 3517 386 3597 dubitat,
406 3519 549 3580 existimat
566 3521 614 3602 qui
630 3538 666 3581 ea
686 3537 761 3602 quae
777 3529 841 3583 acta
863 3531 928 3583 sunt
946 3540 1012 3602 pen
