2468 3912
361 217 364 224 ’
467 243 571 292 cruos
588 243 778 292 nucusrus.
1058 234 1098 295 7⁵

35 473 39 482 .
100 407 130 459 ut
150 400 179 458 iu
195 401 331 460 extremis
346 402 446 480 spatiis
462 399 612 461 subsultim
628 399 811 478 decurreret,
833 351 977 477 sdgestria
992 398 1040 460 rel
1056 399 1098 460 lo·

100 482 194 543 dicula
208 484 362 545 involutus.
382 484 476 545 Animi
491 483 606 546 laxandi
625 502 710 544 causa
725 483 811 545 modo
827 484 991 564 piscabatur
1004 483 1098 560 harno,

99 565 187 628 modo
209 566 275 627 talis
296 577 343 630 aut
365 569 499 631 ocellatis
519 567 699 647 nucibusque
720 567 837 628 ludebat
854 587 917 629 cum
936 569 1034 647 pueris
1049 570 1098 627 mi-

99 653 189 728 nutis,
206 668 279 731 quos
294 653 370 714 facie
387 663 416 713 et
430 652 599 732 garrulitate
615 651 745 712 amabilis
761 652 886 731 undique
899 651 1098 731 conquirebat,

75 737 261 814 spraecipuc
274 736 390 798 hlauros
412 747 440 797 et
455 739 556 813 Syros.
585 736 659 796 Nam
674 736 799 814 pumilos
816 746 902 816 atque
920 736 1059 798 distortos
1071 745 1101 796 et

101 822 193 880 omnis
214 822 332 898 generis
354 822 496 900 eiusdem,
518 831 548 881 ut
569 820 692 881 ludibria
716 829 835 880 naturae
857 822 981 901 malique
998 823 1100 882 ominis

55 962 64 976 ,
101 904 284 965 abhorrebat.

127 1004 129 1008 ·
160 988 362 1068 Eloquentiam
378 990 528 1071 studiaque
546 989 677 1051 liberalia
690 988 726 1049 ab
740 997 835 1050 aetate
850 991 939 1069 prima
952 998 980 1050 et
996 990 1141 1069 cupideea

101 1081 130 1132 et
155 1072 384 1135 laboriosissime
407 1077 548 1136 exercuit.
591 1074 745 1135 Mutinensi
769 1073 848 1135 bello
873 1075 1000 1134 intanta
1022 1075 1100 1134 mole

61 1169 90 1211 ao
100 1175 196 1217 rerum
218 1166 248 1218 ct
262 1159 373 1237 legisse
389 1169 418 1219 et
435 1161 589 1239 scripsisse
606 1168 634 1218 et
651 1157 834 1218 declamasse
850 1157 955 1219 cotidie
970 1157 1099 1218 traditur.

99 1241 172 1302 Nam
194 1242 334 1322 deinceps
355 1261 450 1322 neque
472 1247 501 1303 in
526 1253 626 1304 senatu
648 1261 743 1321 neque
759 1242 837 1321 apud
852 1242 990 1322 populum
1005 1260 1100 1320 neque

100 1325 176 1406 apud
198 1326 303 1387 milites
324 1327 437 1388 locutus
461 1337 505 1386 est
525 1346 657 1406 umquam
677 1328 732 1386 nisi
746 1327 880 1389 meditata
898 1336 926 1386 et
939 1327 1102 1405 composita

13 1435 25 1466 v
101 1412 250 1488 oratione,
272 1413 402 1490 quamvis
422 1429 480 1472 non
502 1411 677 1472 deficeretur
692 1410 728 1470 ad
744 1411 836 1472 subita
853 1411 1045 1490 extemporali
1059 1411 1100 1471 ia-

102 1494 216 1554 cultate.
248 1493 293 1554 hc
314 1513 350 1554 ne
371 1496 530 1574 periculum
551 1496 708 1556 memoriae
729 1496 821 1557 adiret
836 1504 883 1557 aut
896 1498 925 1556 in
944 1493 1100 1556 ediscendo

60 1588 90 1628 ¹⁶
101 1588 215 1656 tempus
234 1578 413 1658 absumeret,
433 1581 551 1641 instituit
573 1580 698 1640 recitare
721 1583 824 1642 omnia.
856 1581 1013 1641 Sermones
1030 1596 1101 1659 quo·

101 1680 157 1741 que
180 1679 242 1721 cum
265 1663 386 1740 singulis
408 1673 494 1743 atque
520 1665 604 1725 etiam
619 1683 682 1725 curn
697 1664 775 1726 Livia
795 1685 846 1726 sua
862 1667 1016 1744 graviores
1030 1683 1100 1726 non-

101 1747 156 1806 nisi
177 1747 304 1825 scriptos
325 1756 354 1807 et
370 1767 387 1807 e
404 1748 506 1811 libello
524 1748 663 1828 hahebat,
686 1768 724 1810 ne
740 1750 805 1829 plus
820 1751 950 1811 minusve
965 1750 1100 1829 loquere·

100 1841 147 1891 tur
173 1847 210 1890 ex
231 1839 374 1910 tempore.
407 1832 612 1894 Pronuntiabat
626 1833 702 1894 dulci
717 1843 746 1894 et
762 1837 882 1915 proprio
900 1835 1025 1914 quodam
1042 1835 1101 1894 oris

101 1933 186 1992 sono,
203 1913 346 1994 dabatque
363 1917 477 1978 assidue
493 1918 643 1997 phonasco
660 1935 796 1996 operam;
814 1919 866 1979 sed
880 1936 1100 1997 nonnumquam,

59 2006 90 2047 20
100 1999 248 2061 infirmatis
267 1997 415 2078 faucibus,
438 2003 593 2079 praeconis
609 2019 685 2060 voce
702 2001 737 2062 ad
758 2003 898 2082 populum
914 2005 1102 2064 concionatus

101 2092 154 2143 est.

163 2167 251 2230 hlulta
267 2170 339 2229 varii
354 2170 472 2247 generis
487 2186 576 2247 prosa
594 2171 725 2230 oratione
743 2171 924 2248 composuit,
946 2187 984 2228 ex
998 2167 1143 2248 quibussst

100 2252 236 2313 nonnulla
252 2255 280 2312 in
298 2264 383 2315 coetu
398 2253 577 2314 familiarium
593 2254 672 2314 relut
687 2255 715 2313 in
730 2253 873 2315 auditorio
890 2254 1040 2331 recitavit,
1064 2255 1101 2312 si-

102 2346 150 2398 cut
171 2337 339 2417 Rescripta
361 2337 460 2399 Bruto
484 2337 522 2398 de
543 2336 675 2415 Catone,
698 2356 771 2416 quae
793 2337 938 2398 volumina
962 2356 1025 2399 cum
1047 2338 1102 2397 ianr

64 2429 91 2468 ²⁵
101 2423 200 2482 senior
218 2440 255 2481 ex
270 2440 373 2500 magna
390 2432 471 2502 parte
487 2423 619 2501 legisset,
628 2423 765 2500 fatigatus
774 2422 891 2484 Tiberio
906 2423 1021 2483 tradidit
1035 2440 1101 2501 per·

100 2505 239 2583 legenda;
263 2508 330 2567 item
346 2505 546 2569 Hortctiones
567 2506 611 2567 cd
624 2506 872 2586 philosophiam,
896 2517 924 2568 et
946 2507 1041 2587 aliqua
1054 2505 1103 2566 De

100 2591 167 2650 cito
185 2606 261 2667 suo,
285 2609 368 2670 quam
386 2591 524 2651 tredecim
539 2592 637 2670 libris,
658 2589 833 2652 Cantabrico
848 2601 932 2653 tenus
949 2592 1029 2652 hello
1046 2607 1102 2649 nec

100 2674 191 2752 ultra,
208 2677 354 2754 exposuit.
387 2675 505 2736 Poetica
520 2677 677 2735 summatim
692 2679 795 2754 attigit.
825 2677 906 2738 Unus
921 2676 997 2736 liber
1013 2681 1100 2750 extat,

101 2759 227 2838 scriptus
249 2759 284 2819 ah
300 2778 337 2820 eo
352 2760 527 2821 hexametris
541 2759 690 2838 versibus,
714 2763 794 2822 cuius
814 2770 842 2821 et
860 2767 1058 2839 argumentum
1073 2766 1102 2816 et

64 2842 198 2903 ³⁰titulus
221 2852 265 2904 est
280 2843 413 2916 stettin·
435 2853 514 2904 extat
536 2844 609 2905 alter
629 2861 723 2923 aeque
739 2844 870 2905 modicus
884 2841 1100 2923 Epigramma·

13 2969 14 2972 κ
101 2933 178 3003 tum,
201 2946 275 3006 quae
296 2929 359 2988 iere
377 2938 509 3007 tempore
530 2929 636 2988 balinei
658 2928 856 2990 meditabatur.
890 2928 962 2988 Nam
984 2936 1100 3004 tragoe-

100 3011 175 3071 diam
191 3030 296 3089 magno
312 3014 421 3091 impetu
436 3031 573 3090 exorsus,
597 3031 655 3074 non
677 3013 843 3075 succedenti
869 3013 951 3090 stilo,
974 3010 1102 3071 abolevit

101 3097 365 3176 quaerentibusque
376 3097 509 3178 tamisis,
537 3097 669 3176 quidnam
692 3097 768 3159 Aiax
794 3105 912 3175 ageret,
939 3093 1099 3174 respondit,

101 3177 221 3240 Aiacem
238 3182 361 3242 suumin
378 3199 540 3261 spongeam
554 3181 728 3242 incubuisse.

66 3277 92 3319 ιι
166 3264 261 3326 (lenus
282 3266 438 3345 eloquendi
460 3274 576 3326 secutus
592 3275 636 3326 est
651 3266 772 3344 elegans
788 3275 817 3326 et
832 3274 1038 3344 temperatum,
1059 3266 1141 3330 visi

101 3351 167 3410 tatis
182 3352 384 3411 sententiarum
400 3351 517 3430 ineptiis
530 3359 615 3429 atque
632 3353 822 3412 concinnitate
832 3358 862 3410 et
872 3349 1101 3412 reconditorum

100 3432 281 3513 cerberum,
301 3444 330 3495 ut
346 3436 409 3515 ipse
425 3434 510 3512 dicit,
525 3433 719 3512 foetoribus,·
745 3436 988 3515 praecipuamque
1004 3452 1100 3497 curam

101 3516 195 3597 duxit,
212 3536 325 3580 sensum
340 3521 424 3580 animi
440 3537 522 3599 quam
538 3520 719 3598 apertissime
736 3521 909 3600 exprimere.
940 3518 1025 3595 Quod
1042 3534 1099 3597 quo

97 3661 289 3733 rcum
306 3657 673 3771 desecantem

13 3431 18 3460 l
