2466 3896
820 75 997 183 cerff*

145 212 204 274 152
248 225 278 273 c.
291 224 442 273 semrom
460 225 587 284 annuo.
603 225 651 272 nn
667 225 750 272 vrrs
764 224 947 275 camesenus
963 227 1032 274 nm.
1048 227 1080 275 r.

101 388 135 440 10
145 379 315 460 pependerit
343 380 395 439 sub
425 379 520 440 edicto
555 381 777 460 praefectorum.
826 379 882 440 Per
909 381 982 441 haec
1010 399 1045 442 ac
1071 381 1140 441 talia

50 473 119 534 „pu
141 465 263 524 maxima
289 466 390 523 aetatis
417 473 499 543 parte
524 473 684 541 transacta,
720 465 958 546 quiuquagesimo
986 481 1060 525 anno
1086 466 1138 524 im·

143 548 252 626 perium
269 547 347 626 cepit
362 548 540 626 quantumvis
553 548 675 609 mirabili
692 567 768 608 casu.
807 547 951 609 llxclusus
971 550 1045 608 inter
1060 557 1138 610 cete-

141 649 191 690 ros
207 630 242 690 ab
263 630 475 691 insidiatoribus
499 631 563 709 Gai,
588 651 666 708 cum,
690 635 784 724 quasi,
798 641 940 694 secretum
962 649 998 693 eo
1025 632 1138 692 deside·

141 723 237 791 rente,
273 714 383 775 turbam
415 715 634 794 submoverent,
662 719 691 776 in
720 717 859 794 diaetam,
887 718 932 777 cui
961 734 1065 778 nomen
1093 725 1161 793 thl

140 798 327 876 Hermaeum,
352 809 531 869 recesseram
566 819 660 879 neque
685 801 774 861 multo
800 810 868 879 post
894 818 1009 861 rumore
1040 800 1139 861 caedis

141 883 312 960 exterritus,
337 885 484 963 prorepsit
503 883 538 943 ad
560 884 695 962 solarium
715 886 874 964 proximum
900 886 1032 965 interque
1055 902 1138 963 prae·

141 974 218 1027 tenta
250 967 361 1027 loribus
387 968 451 1028 vela
480 987 512 1028 se
540 968 655 1028 abdidit.
698 967 844 1029 latentem
870 969 1036 1030 discurrens
1060 969 1138 1028 lorte

140 1051 292 1128 gregarius
309 1051 407 1129 mlles,
426 1051 631 1113 animadversis
648 1052 785 1132 pedibus,
815 1072 832 1112 e
856 1054 950 1113 studio
973 1051 1149 1113 sciscitandi

141 1137 268 1214 quisnam
283 1145 376 1211 esset,
400 1135 553 1214 adgnovit,
575 1145 792 1215 extractumque
807 1145 837 1196 et
858 1155 928 1218 prae
943 1146 1020 1198 metu
1035 1137 1071 1197 ad
1086 1154 1138 1213 ge·
1150 1153 1176 1193 ao

139 1239 194 1280 nua
215 1219 270 1278 sibi
295 1219 474 1280 adcidentem
497 1223 700 1300 imperatorem
720 1221 862 1281 salutavit.
905 1222 979 1282 llinc
1005 1220 1039 1281 ad
1064 1221 1139 1280 alios

140 1303 350 1364 commilitones
367 1304 529 1365 fluctuantis
553 1323 608 1365 nec
631 1306 782 1385 quicquam
798 1303 888 1365 adhuc
908 1324 991 1384 quam
1014 1306 1138 1365 fremen-

138 1390 174 1447 tis
190 1386 332 1465 perduxit.
376 1386 422 1448 Ab
437 1388 482 1448 his
497 1389 620 1449 lecticae
635 1391 786 1470 impositus
808 1398 853 1466 et,
878 1391 943 1468 quie
959 1389 1002 1449 sui
1017 1388 1137 1465 dilluge·

139 1480 217 1547 rant,
239 1472 366 1532 vicissim
388 1473 614 1534 succollantibus
635 1475 664 1532 in
686 1483 780 1534 castra
802 1473 914 1534 delatus
935 1483 980 1533 est
995 1475 1084 1532 tristis
1103 1489 1138 1532 ec

48 1613 52 1624 ,
138 1554 282 1633 trepidus,
309 1558 463 1616 miserante
484 1556 568 1617 obvia
592 1558 673 1617 turba
686 1559 767 1637 qussi
783 1556 818 1618 ed
841 1575 963 1637 poenam
983 1566 1135 1636 raperetur
1148 1577 1173 1618 re

139 1639 247 1698 insons.
290 1639 439 1719 Receptus
454 1641 527 1700 intra
544 1641 663 1718 vellum,
688 1643 762 1701 inter
780 1641 918 1702 excubias
932 1641 1051 1701 militum
1071 1658 1136 1721 per·

139 1724 282 1800 noctevit,
304 1724 449 1802 aliquanto
464 1726 574 1786 minore
590 1744 643 1804 spe
659 1743 742 1804 quam
757 1725 868 1786 fiducia.
912 1725 984 1786 Nam
997 1725 1138 1786 'eonsules

140 1824 202 1866 cum
219 1814 319 1866 senatu
336 1817 365 1868 et
381 1808 547 1868 cohortibus
562 1809 677 1869 urbanis
693 1809 784 1869 lorum
800 1807 1031 1889 Capitoliumque
1050 1825 1136 1870 occu·

139 1899 293 1969 paverant,
322 1894 460 1952 asserturi
488 1911 663 1954 communem
691 1892 852 1954 libertatem
859 1917 866 1965 ;
907 1896 1076 1973 accitusque
1107 1900 1137 1951 et
1224 1913 1225 1920 ¹

138 1975 203 2053 ipse
218 1992 272 2052 per
287 1976 346 2036 ΤΒ.
362 1976 415 2036 PL.
432 1979 460 2036 in
476 1980 581 2038 curiam
597 1978 632 2038 ad
649 1978 793 2038 suadenda
812 1995 886 2058 quee
902 1979 1082 2054 viderentur,
1104 1975 1137 2036 vi
1145 1988 1172 2028 ²⁰

137 2077 171 2119 se
185 2063 215 2118 et
230 2063 413 2121 necessitate
435 2063 532 2122 terimi
547 2062 707 2142 respondit.
754 2065 860 2123 Verum
881 2072 1000 2141 postero
1021 2061 1087 2138 die,
1109 2068 1139 2118 et

138 2151 238 2203 senatu
253 2146 389 2222 segniore
408 2148 436 2204 in
452 2146 630 2226 exequendis
652 2146 800 2207 conatibus
819 2164 872 2224 per
890 2146 1013 2206 taedium
1031 2163 1066 2205 ac
1082 2144 1135 2204 dis·
1223 2211 1224 2218 χ

139 2229 304 2287 sensionem
325 2229 439 2290 diversa
461 2234 650 2310 censentium,
670 2241 698 2290 et
717 2229 893 2290 multitudine
917 2249 990 2310 quae
1016 2230 1135 2290 circum·
1213 2291 1223 2319 c

139 2309 231 2370 stabat
254 2329 337 2372 unum
359 2323 503 2374 rectorem
518 2316 573 2375 iam
588 2324 618 2374 et
638 2315 803 2376 nominatim
825 2324 1020 2394 exposcente,
1045 2332 1136 2374 arma·

138 2401 184 2452 tos
200 2411 254 2470 pro
272 2398 407 2456 contione
424 2399 518 2458 iurare
531 2400 559 2458 in
574 2417 678 2459 nomen
699 2417 780 2459 suum
797 2417 900 2476 passus
923 2408 968 2460 est
993 2400 1135 2478 promisit·
1146 2416 1173 2456 aa

38 2495 103 2554 ..ῃ
139 2494 195 2556 que
218 2478 338 2554 siugulis
366 2482 449 2558 quina
477 2481 549 2542 dena
571 2485 719 2561 sestertia,
750 2485 858 2562 primus
874 2481 1029 2543 Caesarum
1051 2481 1137 2542 iidem

138 2559 235 2620 militis
251 2562 334 2624 etiam
350 2566 478 2642 praemio
493 2568 670 2644 pigneratus.

95 2647 128 2701 11
200 2644 325 2723 lmperio
347 2647 487 2726 stabilito,
516 2651 585 2710 nihil
603 2653 745 2730 antiquius
766 2652 844 2713 duxit
862 2671 945 2731 quam
961 2650 989 2710 id
1008 2649 1134 2725 biduum,

138 2748 195 2809 quo
212 2729 247 2789 de
266 2731 397 2792 mutando
413 2735 456 2792 rei
473 2752 501 2813 p.
518 2743 591 2795 statu
606 2735 776 2796 haesitatum
797 2747 873 2812 erat,
904 2736 1059 2796 memoriae
1075 2736 1135 2794 exi-

136 2833 225 2874 mere.
271 2814 399 2875 Omnium
421 2818 517 2897 itaque
537 2819 676 2880 laetorum
697 2819 896 2900 dictorumque
916 2822 944 2880 in
966 2836 1002 2879 eo
1024 2819 1173 2878 veniamce

138 2908 166 2958 et
193 2898 369 2961 oblivionem
395 2902 423 2960 iu
454 2911 622 2981 perpetuum
649 2906 742 2964 sanxit
771 2924 804 2965 ac
831 2905 988 2984 praestitit,
1015 2902 1137 2962 tribunis

136 2982 222 3043 modo
249 3002 284 3045 ac
306 2986 520 3048 centurionibus
543 2991 640 3065 paucis
657 3007 673 3047 e
696 2989 907 3049 coniuratorum
923 2991 951 3048 in
968 2987 1067 3048 Gaium
1087 3005 1137 3045 nu-

136 3085 216 3126 mero
232 3069 429 3148 interemptis,
465 3071 590 3150 exempli
615 3072 696 3131 simul
713 3091 799 3133 causa
817 3082 846 3133 et
867 3073 944 3153 quod
968 3089 1046 3131 suam
1065 3087 1135 3149 quo·
1220 3091 1221 3099 ¹

139 3167 195 3227 que
218 3153 336 3212 caedem
358 3153 570 3234 depoposcisse
592 3165 780 3233 cognoverat.
826 3155 994 3218 Conversus
1015 3155 1082 3215 binc
1100 3153 1136 3214 ad

139 3232 233 3292 cilicia
250 3237 382 3314 pietatis,
405 3239 448 3298 ius
466 3238 612 3299 iurandum
626 3259 720 3319 neque
737 3243 863 3301 sanctius
879 3241 933 3300 sibi
954 3257 1049 3319 neque
1071 3255 1133 3298 ere·
1145 3257 1170 3298 aa
1219 3263 1220 3330 ,

138 3314 217 3373 brius
237 3317 352 3380 instituit
380 3341 463 3400 quam
492 3343 545 3402 per
568 3324 736 3400 Angustum.
780 3324 874 3386 Aviae
902 3325 999 3386 Liviae
1022 3322 1135 3384 dvinos
1174 3323 1182 3394 J
1218 3337 1220 3388 l

138 3397 265 3457 honores
295 3411 323 3460 et
348 3406 471 3466 circensi
501 3425 607 3486 pompa
636 3425 749 3469 currum
773 3407 1008 3490 elephantorum,
1034 3406 1134 3483 Augu·

137 3481 214 3541 stine
229 3482 366 3561 similem,
383 3487 564 3552 decernenda
580 3493 704 3564 curavit;
726 3491 893 3576 parentibus
908 3493 1025 3554 inferias
1041 3489 1135 3570 publi·
1202 3481 1219 3511 '⁴

1003 3621 1155 3712 Ἶφις»

252 3703 309 3733 ..l
