2434 3908
183 307 186 314 ,
208 255 268 306 XIV
526 263 528 267 '
546 253 754 303 PRAEFATIO.

209 414 309 476 melius
326 430 389 478 mox
404 413 433 468 in
449 412 529 486 peius
544 412 650 484 mutati,
668 413 787 484 denique
800 413 919 486 perlecti
934 429 967 470 ae
982 429 1109 470 consum-

212 497 277 555 mati
293 513 424 568 nusquam
445 497 553 568 plenam
575 497 723 567 imaginem
743 496 1105 578 videamusladumbratanr.

213 580 318 638 Deinde
332 581 386 635 boc
400 579 428 635 in
439 579 573 637 Suetonio
588 579 844 652 reprehendendum
859 587 913 650 est,
929 580 1003 651 qnod
1017 597 1110 637 rerum

211 664 383 738 publicarum
400 663 489 719 miuus
506 663 626 735 diligens
648 661 701 718 luit
717 679 795 734 quarn
811 662 958 719 Caesarum
978 665 1109 736 personis

180 751 184 760 '
211 747 323 818 dignum
337 746 456 804 videtur.
501 747 542 802 lle
557 763 588 803 re
606 745 718 819 publica
736 762 807 819 paee
822 747 954 818 belloque
967 747 1014 804 vel
1030 753 1108 804 aucta

103 853 105 859 ’
212 831 258 888 vel
272 829 421 901 deminuta,
436 829 471 886 de
486 829 585 886 ciuium
601 828 867 903 provincialiumque
884 837 973 902 statu,
987 831 1022 886 ‹le
1036 831 1110 903 legi-

212 915 263 972 bus
284 919 312 970 et
328 914 534 985 magistratibus
554 930 640 986 pauca
655 914 789 984 quaedam
810 919 838 968 et
852 913 971 972 disiecta
992 914 1109 971 adnota-

211 996 268 1068 vit,
288 1003 361 1054 totus
378 997 438 1053 lere
455 997 483 1052 iu
503 996 532 1053 id
545 997 682 1067 intentus,
704 1002 734 1052 ut
753 1013 768 1052 a
785 995 950 1054 Caesaribus
966 997 1024 1054 suis
1039 998 1108 1054 nibil

210 1080 320 1138 humani
341 1080 459 1138 alienum
480 1080 566 1136 luisse
588 1081 712 1137 doceret.
756 1079 826 1136 ilinc
845 1081 946 1138 lactum
965 1087 1009 1137 est
1029 1087 1058 1137 nt
1080 1081 1108 1137 in

98 1155 101 1162 ’
212 1163 275 1221 llivi
289 1164 408 1236 Augusti
422 1165 478 1222 rita
492 1163 635 1236 Agrippae
659 1169 687 1219 et
700 1163 867 1227 llaecenatis
884 1166 996 1234 laudes,
1017 1163 1046 1220 iu
1061 1163 1109 1219 'li-

212 1247 292 1306 berio
303 1247 397 1305 Seiani
413 1248 522 1305 scelera
535 1247 631 1304 verbis
642 1248 688 1303 uel
705 1247 788 1304 nullis
798 1249 843 1303 rel
858 1247 1030 1321 parcissimis
1044 1247 1109 1304 illu-

210 1339 378 1397 strarentur;
393 1331 457 1388 hinc
465 1330 495 1388 C.
505 1330 648 1402 Caligulae
660 1330 866 1404 spurcissimum
878 1331 946 1387 illud
959 1331 1108 1402 quadrien-

209 1415 282 1471 nium
295 1415 398 1487 integri
411 1415 477 1472 libri
493 1415 611 1486 spatium
628 1413 767 1486 explevit;
782 1414 846 1471 binc
858 1414 938 1471 trium
952 1414 1107 1488 principum
1119 1453 1122 1460 1

142 1526 144 1532 *
209 1498 339 1568 rebellio,
354 1499 408 1554 nisi
423 1498 511 1554 'laciti
525 1498 657 1554 historias
672 1497 781 1555 lorluna
796 1505 947 1568 servasset,
964 1498 1106 1556 obscuris.

209 1582 389 1721 ,miraiitleiit
407 1664 493 1736 igitur
516 1653 712 1721 Suetonianum
733 1681 820 1736 genus
843 1665 921 1723 uitiis
946 1666 1107 1737 quibusdan

209 1765 264 1806 non
283 1746 408 1818 exiguis,
430 1764 500 1819 quae
517 1765 577 1804 curn
592 1748 667 1806 vitae
687 1749 894 1820 studiorumque
909 1765 1014 1820 genere
1037 1748 1106 1804 scri-

208 1833 297 1906 ptoris
312 1831 441 1888 uidentur
456 1831 601 1888 coniuncta
617 1831 712 1888 luisse.
756 1832 877 1889 Publicis
893 1832 965 1889 enim
984 1831 1105 1888 muneri-

168 1915 170 1920 '
208 1917 260 1972 bus
277 1931 421 1985 numquam
436 1915 543 1970 iunctus
559 1931 611 1970 nec
630 1915 718 1986 magis
737 1915 818 1971 animi
834 1916 949 1986 quadam
970 1913 1107 1986 magnitu-

209 1998 273 2057 dine
289 1999 409 2054 naturali
424 1998 551 2068 adiutus,
572 1999 622 2055 sed
636 1998 726 2056 libros
740 1999 883 2056 indelessa
901 1999 993 2056 studio
1008 2000 1107 2070 legere

209 2096 362 2155 excerpere
385 2082 457 2138 inter
482 2099 513 2138 ae
536 2082 666 2138 conterre
682 2083 802 2154 solitus,
825 2082 935 2140 lucilius
953 2082 1106 2153 singularia

209 2171 237 2223 et
251 2165 344 2238 aliquo
359 2166 441 2223 modo
455 2166 591 2222 exstantia
607 2165 679 2224 lacta
690 2167 736 2222 vel
751 2167 823 2223 dicta
838 2168 1057 2224 animadvertere
1074 2182 1107 2221 ac

208 2267 260 2324 per
274 2250 365 2323 capita
381 2265 549 2323 componere
564 2267 644 2322 quam
658 2250 832 2321 aequabilem
846 2253 1044 2324 copiosumque
1060 2266 1107 2304 re-

208 2348 267 2389 rnrn
281 2334 416 2403 ordinem,
431 2334 477 2405 qui
494 2334 572 2405 quasi
585 2334 660 2390 vitae
673 2335 807 2391 humanae
825 2334 971 2391 decursum
986 2334 1106 2404 aliquem

208 2415 372 2485 imitaretur,
386 2423 536 2489 pertexere
553 2416 653 2490 potnit.
697 2417 764 2472 lude
779 2418 922 2490 explicare
937 2418 1014 2486 lieet,
1031 2416 1104 2488 quod

209 2499 338 2571 quae'de
356 2498 417 2555 eius
439 2500 596 2580 illustribus
617 2500 686 2574 riqis
709 2506 873 2573 supersunt,
893 2501 1020 2572 quoniam
1043 2506 1106 2556 sunt

209 2581 346 2638 bominum
367 2581 468 2638 litteris
490 2583 644 2639 deditorum
663 2584 755 2655 vitae,
780 2583 931 2640 accedente
953 2585 1034 2640 etiarn
1062 2583 1105 2638 iu-

208 2664 282 2736 sigui
305 2665 474 2736 singularum
488 2665 644 2738 brevitate,
664 2667 846 2740 perfeetionis
866 2668 988 2739 speciem
1003 2666 1106 2723 habent

208 2748 354 2814 maiorem
379 2748 514 2805 Caesares
537 2764 623 2819 vero,
648 2750 709 2806 sive
729 2752 786 2808 na'ti
807 2757 870 2807 sunt
891 2757 919 2806 et
942 2750 1051 2806 edueati
1069 2750 1104 2805 ad

207 2848 285 2906 spem
299 2832 467 2906 imperandi,
482 2833 543 2889 sive
556 2840 689 2905 provecta
704 2841 794 2892 aetate
809 2836 844 2891 ad
859 2833 1041 2907 principatum
1057 2849 1105 2888 ac-

207 2923 369 2986 cesserunt,
386 2917 421 2973 ad
444 2925 522 2972 unam
547 2917 717 2989 eandemque
738 2919 798 2975 lere
819 2918 939 2991 capitum
959 2911 1104 2973 formulam

207 3000 340 3073 descripti
357 3002 436 3070 sunt,
456 3005 486 3056 ut
499 3000 703 3072 grammaticum
723 3001 859 3059 bominem
875 3016 1030 3071 agnoscere
1053 3000 1104 3056 tibi

205 3081 336 3154 videare,
360 3084 406 3156 qui
430 3099 465 3138 ex
485 3089 626 3140 auctorum
648 3084 753 3142 inllnita
772 3085 946 3141 multitudine
968 3080 1102 3140 notabilia

87 3203 90 3210 .
206 3181 333 3238 quaeque
354 3169 486 3239 decerpta
502 3174 530 3223 et
551 3166 578 3221 in
594 3167 733 3224 discretos
756 3168 980 3226 adversariorum
995 3166 1102 3224 lorulos
1180 3215 1181 3220 ,

46 3424 70 3462 et
82 3421 188 3464 vlmutee.

206 3249 341 3321 disposita
362 3250 511 3308 interiecto
531 3256 655 3322 tempora
671 3267 838 3325 componere
860 3257 887 3308 et
902 3250 967 3307 stilo
983 3251 1102 3307 formare

206 3348 357 3403 aggressus
377 3340 429 3390 est.
797 3339 801 3348 '

266 3414 335 3472 Sunt
350 3423 439 3473 tamen
460 3417 504 3475 bis
524 3417 593 3491 ipsis
608 3417 685 3474 vitiis
708 3417 805 3474 laudes
829 3418 1011 3486 coniunctae,
1034 3433 1101 3488 quas

205 3499 326 3570 prudens
338 3500 533 3559 historicarum
547 3517 637 3556 rerum
660 3500 744 3557 iudex
758 3500 868 3558 maximi
876 3499 981 3556 iaciat:
999 3499 1027 3555 iu
1042 3499 1102 3555 col·
1180 3509 1181 3582 q
