2468 3912
516 247 620 296 nurus
643 247 767 296 murus.
1120 240 1140 298 9

143 409 226 479 rent,
243 409 363 462 coaetus
377 410 421 461 est
434 401 620 481 triumphum,
642 421 678 462 no
696 401 844 462 consulatu
861 401 1078 479 excluderetur,
1100 403 1139 464 di-

142 487 267 547 mittere.
311 485 336 545 Ε
358 483 470 545 duobus
494 485 659 546 consulatus
681 485 934 565 competitoribus,
960 483 1048 547 Lucio
1069 487 1139 549 buc
1148 503 1182 560 19

145 571 209 632 ceio
224 569 383 647 Marcoque
399 567 518 648 Bibulo,
537 570 690 629 Lucceium
705 569 758 629 sibi
777 569 919 647 adiunxit,
939 578 1041 648 pactus
1058 581 1088 632 ut
1103 573 1139 652 is,

146 654 279 734 quoniam
301 654 421 713 inferior
441 656 533 730 gratia
551 662 629 713 esset
651 654 830 733 pecuniaque
847 654 987 732 polleret,
1009 674 1140 717 nummos

121 739 182 799 ude
198 754 272 814 suo,
295 738 436 797 communi
452 737 581 814 nomine,
607 754 660 816 per
679 738 822 798 centurias
838 739 1044 816 pronuntiaret.
1076 741 1138 816 Qua

145 823 261 900 cognita
286 839 320 881 re
346 821 512 900 optimates,
536 838 609 899 quos
631 829 724 880 metus
748 829 867 898 ceperat
887 821 956 882 nihil
975 841 1033 883 non
1056 842 1138 885 ausu·

142 924 205 967 rum
222 923 286 966 eum
306 905 334 964 in
352 921 460 964 summo
475 909 642 982 magistratu
659 905 797 965 concordi
819 914 847 963 et
863 907 1062 967 consentiente
1078 909 1137 968 col-

142 991 224 1067 lega,
248 997 383 1050 auctores
398 988 501 1049 Bibulo
521 988 636 1048 fuerunt
650 989 813 1048 tantundem
829 989 1000 1068 pollicendi,
1024 1010 1059 1051 ac
1077 992 1138 1070 ple-

142 1075 224 1152 rique
243 1075 381 1152 pecunias
396 1072 593 1148 contulerunt,
610 1090 646 1132 ue
661 1070 772 1133 Catone
788 1071 902 1151 quidem
916 1073 1059 1134 abnuente
1076 1094 1139 1136 carn

106 1178 133 1221 ro
142 1159 324 1236 largitionem
338 1176 355 1217 e
370 1176 403 1217 re
420 1156 535 1236 publica
550 1157 624 1216 lieri.

203 1242 294 1320 lgitur
317 1260 380 1302 cum
400 1240 502 1301 Bibulo
527 1240 628 1301 consul
650 1250 771 1300 creatur.
814 1240 943 1301 Eandem
963 1240 1000 1300 ob
1023 1260 1139 1306 cansam

143 1344 234 1405 opera
255 1325 290 1386 ab
309 1324 491 1404 optimatibus
507 1324 572 1384 data
593 1333 653 1402 est,
674 1333 704 1384 ut
725 1325 892 1403 provinciae
908 1324 1010 1384 futuris
1035 1343 1137 1386 consu·

143 1409 218 1471 libus
231 1410 338 1468 minimi
355 1410 480 1485 negotii,
501 1405 530 1467 id
546 1416 590 1468 est
605 1407 697 1468 silvae
717 1408 883 1487 callesque,
901 1407 1137 1472 decernerentur.

144 1495 206 1570 Qua
221 1495 343 1553 maxime
358 1493 458 1552 iniuria
473 1492 637 1569 instinctus,
653 1492 783 1552 omuibus
799 1493 904 1553 olficiis
916 1492 1042 1554 Gnaeum
1056 1493 1138 1552 Pom·

103 1580 238 1658 aupeium
261 1577 425 1637 adsectatus
450 1585 510 1654 est,
533 1577 672 1636 offensum
696 1577 840 1656 patribus,
865 1576 955 1656 quod,
976 1576 1138 1637 Mithridate

142 1680 215 1738 rege
233 1662 327 1737 victo,
352 1662 529 1721 cunctantius
550 1661 786 1721 confirmarentur
806 1670 870 1722 acta
891 1679 957 1730 sua;
984 1659 1137 1741 Pompeio·

143 1764 199 1824 quc
222 1744 350 1805 blancum
376 1743 511 1805 Crassum
538 1745 751 1822 reconciliarit,
777 1754 907 1805 veterem
932 1745 1074 1806 inimicum
1100 1762 1138 1804 ex

142 1827 315 1904 consulatu,
338 1846 423 1907 quern
443 1846 550 1888 summa
573 1827 716 1889 discordia
737 1829 819 1890 simul
842 1837 1010 1906 gesserant;
1033 1848 1067 1889 ac
1091 1845 1136 1889 so·

143 1914 276 1974 cietatem
300 1929 362 1971 curn
384 1920 506 1990 utroque
523 1913 600 1987 iniit,
623 1931 659 1972 ne
677 1912 745 1990 quid
760 1922 897 1989 ageretur
913 1913 942 1971 in
959 1931 992 1971 re
1010 1912 1136 1991 publica,

1 1981 2 2014 ³
102 1994 219 2075 eoquod
234 1993 430 2074 displicuisset
445 1995 496 2054 ulli
511 2013 527 2054 e
543 1994 642 2054 tribus.
675 1995 749 2055 lnito
765 1996 876 2056 honore
892 1997 999 2074 primus
1016 1989 1190 2057 omniunao'

139 2080 275 2155 instituit,
298 2087 400 2139 uttam
422 2086 538 2139 senatus
556 2096 639 2157 quam
657 2079 757 2159 populi
779 2079 877 2138 diurna
894 2088 957 2140 acta
979 2081 1138 2139 confierent

141 2173 170 2226 et
197 2162 422 2244 publicarentur.
466 2162 620 2241 Antiquum
646 2164 730 2223 etiarn
754 2163 851 2222 retulit
875 2179 997 2239 morem,
1024 2171 1055 2221 ut
1080 2179 1136 2240 quo

140 2267 240 2309 mense
257 2248 355 2308 fasces
375 2263 432 2307 non
447 2246 587 2323 haberet,
608 2264 748 2307 accensus
764 2253 830 2306 ante
847 2265 910 2306 eum
927 2247 996 2323 iret,
1017 2245 1137 2305 lictores

142 2351 219 2412 poue
236 2339 436 2410 sequerentur.
479 2331 559 2408 Lege
576 2339 669 2391 autem
685 2331 798 2407 agraria
814 2329 1012 2409 promulgata,
1029 2329 1136 2389 obnun-

102 2418 256 2477 tstiantem
274 2416 419 2492 collegam
441 2416 526 2476 annis
547 2416 612 2475 ioro
631 2415 758 2493 expulit,
783 2432 818 2474 ac
839 2423 959 2494 postero
976 2412 1022 2474 die
1040 2415 1068 2473 in
1092 2432 1136 2474 se

92 2551 97 2561 .
139 2509 207 2561 natu
225 2507 430 2578 conquestum,
455 2517 511 2560 uec
532 2517 675 2578 quoquam
695 2507 815 2578 reperto
839 2498 887 2577 qui
902 2515 990 2577 super
1003 2497 1053 2559 tali
1069 2516 1136 2557 cou-

141 2585 317 2644 sternatione
332 2583 444 2643 referre
459 2592 507 2644 aut
524 2601 645 2643 censere
662 2581 770 2662 aliquid
786 2581 921 2660 auderet,
941 2583 1035 2661 qualia
1050 2581 1137 2641 multa

140 2685 231 2746 saepe
254 2669 283 2726 in
303 2666 462 2727 levioribus
479 2665 570 2726 turbis
590 2667 707 2728 decreta
723 2675 820 2744 erant,
841 2667 869 2726 in
891 2684 953 2726 eam
975 2666 1072 2743 coegit
1088 2662 1135 2723 de-

140 2753 352 2830 sperationem,
373 2760 418 2828 ut,
442 2749 537 2830 quoad
552 2759 695 2828 potestate
717 2751 820 2829 abiret,
838 2750 922 2810 domo
941 2749 1053 2811 abditus
1068 2746 1137 2807 nihil

103 2834 216 2896 soaliud
233 2854 317 2914 quam
334 2853 387 2915 per
402 2834 495 2895 edicta
510 2834 699 2894 obnuntiaret.

204 2919 285 2980 Unus
300 2937 337 2978 ex
352 2936 388 2978 eo
404 2929 536 2998 ternpore
552 2919 644 2978 omnia
659 2922 687 2978 in
706 2937 739 2978 re
759 2919 873 2997 publica
891 2926 919 2977 et
936 2917 971 2977 ad
991 2915 1136 2976 arbitrium

133 3003 366 3078 administravit,
392 3011 423 3063 ut
442 3001 569 3062 nonnulli
589 3001 777 3079 urbanorum,
800 3020 862 3063 cum
885 3000 952 3079 quid
973 3019 1026 3078 per
1044 3000 1137 3059 iocum

139 3088 264 3148 testandi
285 3088 378 3164 gratia
398 3088 561 3164 signarent,
582 3103 639 3146 non
661 3084 788 3147 Caesare
805 3094 834 3146 et
854 3085 973 3160 Bibulo,
995 3082 1046 3144 sed
1063 3081 1135 3142 lulio
1202 3145 1205 3149 ,

141 3179 170 3231 et
191 3170 318 3232 Caesare
340 3170 505 3232 consulibus
526 3179 620 3231 actum
641 3170 818 3245 scriberent,
839 3169 884 3228 bis
908 3166 1028 3228 eundem
1053 3184 1135 3246 prac-

106 3264 298 3334 seponentes,
319 3257 433 3315 nomine
454 3263 540 3334 atque
562 3255 749 3331 cognomine;
771 3261 858 3332 utque
882 3252 969 3330 vulgo
989 3269 1058 3312 mox
1079 3251 1136 3311 ier·

138 3349 237 3400 rentur
253 3339 281 3400 hi
297 3357 413 3401 versus:
823 3392 825 3394 ,

212 3429 274 3484 Non
291 3427 389 3485 Bibolo
406 3430 550 3500 quicquam
568 3441 658 3499 nuper
678 3425 729 3482 sed
750 3425 869 3482 Caesare
886 3426 994 3499 foetum
1014 3432 1068 3480 est.-

344 3513 417 3569 Nam
435 3512 532 3568 Bidalo
550 3513 616 3579 lieri
633 3511 742 3567 consule
760 3513 800 3566 nil
818 3512 932 3568 memini.
