<?xml version="1.0" encoding="UTF-8"?>
<!DOCTYPE html PUBLIC "-//W3C//DTD XHTML 1.0 Transitional//EN"
    "http://www.w3.org/TR/xhtml1/DTD/xhtml1-transitional.dtd">
<html xmlns="http://www.w3.org/1999/xhtml" xml:lang="en" lang="en">
 <head>
  <title>
</title>
<meta http-equiv="Content-Type" content="text/html;charset=utf-8" />
  <meta name='ocr-system' content='tesseract 3.04.00' />
  <meta name='ocr-capabilities' content='ocr_page ocr_carea ocr_par ocr_line ocrx_word'/>
</head>
<body>
  <div class='ocr_page' id='page_1' title='image "./csuetonitranqui00suetgoog_0220.png"; bbox 0 0 2466 3896; ppageno 0'>
   <div class='ocr_carea' id='block_1_1' title="bbox 532 204 1108 265">
    <p class='ocr_par' dir='ltr' id='par_1_1' title="bbox 532 204 1108 265">
     <span class='ocr_line' id='line_1_1' title="bbox 532 204 1108 265; baseline 0.003 -3"><span class='ocrx_word' id='word_1_1' title='bbox 532 215 701 265; x_wconf 77' lang='lat' dir='ltr'><strong>amamus.</strong></span> <span class='ocrx_word' id='word_1_2' title='bbox 1051 204 1108 264; x_wconf 84' lang='lat'><strong>109</strong></span> 
     </span>
    </p>
   </div>
   <div class='ocr_carea' id='block_1_2' title="bbox 91 369 1154 956">
    <p class='ocr_par' dir='ltr' id='par_1_2' title="bbox 91 369 1113 872">
     <span class='ocr_line' id='line_1_2' title="bbox 110 369 1112 451; baseline -0.004 -19"><span class='ocrx_word' id='word_1_3' title='bbox 110 372 225 432; x_wconf 86' lang='lat' dir='ltr'><strong>nemin</strong></span> <span class='ocrx_word' id='word_1_4' title='bbox 244 369 335 431; x_wconf 92' lang='lat' dir='ltr'><strong>insula</strong></span> <span class='ocrx_word' id='word_1_5' title='bbox 356 369 471 448; x_wconf 86' lang='lat' dir='ltr'><strong>Pontia,</strong></span> <span class='ocrx_word' id='word_1_6' title='bbox 490 369 613 430; x_wconf 80' lang='lat' dir='ltr'>Drusum</span> <span class='ocrx_word' id='word_1_7' title='bbox 637 371 666 430; x_wconf 92' lang='lat' dir='ltr'><strong>in</strong></span> <span class='ocrx_word' id='word_1_8' title='bbox 686 372 740 433; x_wconf 91' lang='lat' dir='ltr'><strong>ima</strong></span> <span class='ocrx_word' id='word_1_9' title='bbox 762 381 844 451; x_wconf 91' lang='lat' dir='ltr'><strong>parte</strong></span> <span class='ocrx_word' id='word_1_10' title='bbox 868 370 978 432; x_wconf 85' lang='lat' dir='ltr'><strong>Palatii.</strong></span> <span class='ocrx_word' id='word_1_11' title='bbox 1010 369 1112 431; x_wconf 89' lang='lat' dir='ltr'><strong>Putant</strong></span> 
     </span>
     <span class='ocr_line' id='line_1_3' title="bbox 111 453 1113 536; baseline -0.003 -19"><span class='ocrx_word' id='word_1_12' title='bbox 111 456 258 517; x_wconf 79' lang='lat' dir='ltr'><strong>Neronem</strong></span> <span class='ocrx_word' id='word_1_13' title='bbox 278 453 314 514; x_wconf 90' lang='lat' dir='ltr'><strong>ad</strong></span> <span class='ocrx_word' id='word_1_14' title='bbox 337 454 525 514; x_wconf 84' lang='lat' dir='ltr'><strong>uoluntariam</strong></span> <span class='ocrx_word' id='word_1_15' title='bbox 547 463 667 515; x_wconf 89' lang='lat' dir='ltr'><strong>mortem</strong></span> <span class='ocrx_word' id='word_1_16' title='bbox 687 466 836 536; x_wconf 89' lang='lat' dir='ltr'><strong>coactum,</strong></span> <span class='ocrx_word' id='word_1_17' title='bbox 858 474 922 516; x_wconf 91' lang='lat' dir='ltr'><strong>cum</strong></span> <span class='ocrx_word' id='word_1_18' title='bbox 938 455 965 514; x_wconf 89' lang='lat' dir='ltr'><strong>ei</strong></span> <span class='ocrx_word' id='word_1_19' title='bbox 982 453 1113 514; x_wconf 82' lang='lat' dir='ltr'><strong>carnifex</strong></span> 
     </span>
     <span class='ocr_line' id='line_1_4' title="bbox 112 539 1111 621; baseline -0.003 -21"><span class='ocrx_word' id='word_1_20' title='bbox 112 541 194 621; x_wconf 91' lang='lat' dir='ltr'><strong>quasi</strong></span> <span class='ocrx_word' id='word_1_21' title='bbox 213 557 252 599; x_wconf 89' lang='lat' dir='ltr'><strong>ex</strong></span> <span class='ocrx_word' id='word_1_22' title='bbox 272 545 389 599; x_wconf 87' lang='lat' dir='ltr'><strong>senatus</strong></span> <span class='ocrx_word' id='word_1_23' title='bbox 408 541 579 600; x_wconf 87' lang='lat' dir='ltr'><strong>anctoritate</strong></span> <span class='ocrx_word' id='word_1_24' title='bbox 603 539 708 600; x_wconf 90' lang='lat' dir='ltr'><strong>missus</strong></span> <span class='ocrx_word' id='word_1_25' title='bbox 725 541 846 619; x_wconf 88' lang='lat' dir='ltr'><strong>laqueos</strong></span> <span class='ocrx_word' id='word_1_26' title='bbox 863 549 892 599; x_wconf 90' lang='lat' dir='ltr'><strong>et</strong></span> <span class='ocrx_word' id='word_1_27' title='bbox 906 556 999 599; x_wconf 87' lang='lat' dir='ltr'><strong>uncos</strong></span> <span class='ocrx_word' id='word_1_28' title='bbox 1015 547 1111 598; x_wconf 90' lang='lat' dir='ltr'><strong>osten-</strong></span> 
     </span>
     <span class='ocr_line' id='line_1_5' title="bbox 110 615 1112 701; baseline -0.005 -15"><span class='ocrx_word' id='word_1_29' title='bbox 110 615 204 701; x_wconf 77' lang='lat' dir='ltr'><strong>larct,</strong></span> <span class='ocrx_word' id='word_1_30' title='bbox 224 622 319 684; x_wconf 89' lang='lat' dir='ltr'><strong>Druso</strong></span> <span class='ocrx_word' id='word_1_31' title='bbox 340 631 435 683; x_wconf 89' lang='lat' dir='ltr'><strong>autem</strong></span> <span class='ocrx_word' id='word_1_32' title='bbox 456 623 531 683; x_wconf 91' lang='lat' dir='ltr'><strong>adeo</strong></span> <span class='ocrx_word' id='word_1_33' title='bbox 554 623 688 684; x_wconf 90' lang='lat' dir='ltr'><strong>alimenta</strong></span> <span class='ocrx_word' id='word_1_34' title='bbox 710 623 849 686; x_wconf 90' lang='lat' dir='ltr'><strong>subducta</strong></span> <span class='ocrx_word' id='word_1_35' title='bbox 873 633 902 683; x_wconf 88' lang='lat' dir='ltr'><strong>ut</strong></span> <span class='ocrx_word' id='word_1_36' title='bbox 922 631 1112 682; x_wconf 86' lang='lat' dir='ltr'><strong>tomentume</strong></span> 
     </span>
     <span class='ocr_line' id='line_1_6' title="bbox 91 707 1112 788; baseline -0.002 -20"><span class='ocrx_word' id='word_1_37' title='bbox 91 708 219 770; x_wconf 82' lang='lat' dir='ltr'><strong>sculcita</strong></span> <span class='ocrx_word' id='word_1_38' title='bbox 234 707 417 786; x_wconf 87' lang='lat' dir='ltr'><strong>temptaverit</strong></span> <span class='ocrx_word' id='word_1_39' title='bbox 431 708 578 784; x_wconf 81' lang='lat' dir='ltr'><strong>mandere,</strong></span> <span class='ocrx_word' id='word_1_40' title='bbox 590 707 738 768; x_wconf 87' lang='lat' dir='ltr'><strong>amborum</strong></span> <span class='ocrx_word' id='word_1_41' title='bbox 752 710 795 768; x_wconf 89' lang='lat' dir='ltr'><strong>sic</strong></span> <span class='ocrx_word' id='word_1_42' title='bbox 811 709 948 788; x_wconf 90' lang='lat' dir='ltr'><strong>reliquias</strong></span> <span class='ocrx_word' id='word_1_43' title='bbox 964 707 1112 787; x_wconf 86' lang='lat' dir='ltr'><strong>dispersas</strong></span> 
     </span>
     <span class='ocr_line' id='line_1_7' title="bbox 111 791 656 872; baseline -0.004 -19"><span class='ocrx_word' id='word_1_44' title='bbox 111 803 142 854; x_wconf 90' lang='lat' dir='ltr'><strong>nt</strong></span> <span class='ocrx_word' id='word_1_45' title='bbox 158 795 208 852; x_wconf 86' lang='lat' dir='ltr'><strong>vix</strong></span> <span class='ocrx_word' id='word_1_46' title='bbox 224 791 395 872; x_wconf 82' lang='lat' dir='ltr'><strong>quandoque</strong></span> <span class='ocrx_word' id='word_1_47' title='bbox 411 791 512 870; x_wconf 77' lang='lat' dir='ltr'><strong>colligi</strong></span> <span class='ocrx_word' id='word_1_48' title='bbox 527 801 656 871; x_wconf 75' lang='lat' dir='ltr'><strong>possent.</strong></span> 
     </span>
    </p>

    <p class='ocr_par' dir='ltr' id='par_1_3' title="bbox 175 876 1154 956">
     <span class='ocr_line' id='line_1_8' title="bbox 175 876 1154 956; baseline 0.005 -20"><span class='ocrx_word' id='word_1_49' title='bbox 175 877 270 956; x_wconf 86' lang='lat' dir='ltr'><strong>Super</strong></span> <span class='ocrx_word' id='word_1_50' title='bbox 296 885 412 938; x_wconf 83' lang='lat' dir='ltr'><strong>veteres</strong></span> <span class='ocrx_word' id='word_1_51' title='bbox 436 880 546 937; x_wconf 90' lang='lat' dir='ltr'><strong>amicos</strong></span> <span class='ocrx_word' id='word_1_52' title='bbox 568 895 602 937; x_wconf 93' lang='lat' dir='ltr'><strong>ac</strong></span> <span class='ocrx_word' id='word_1_53' title='bbox 630 877 786 937; x_wconf 81' lang='lat' dir='ltr'><strong>familiares</strong></span> <span class='ocrx_word' id='word_1_54' title='bbox 816 877 918 954; x_wconf 82' lang='lat' dir='ltr'><strong>viginti</strong></span> <span class='ocrx_word' id='word_1_55' title='bbox 946 876 1001 936; x_wconf 90' lang='lat' dir='ltr'><strong>sibi</strong></span> <span class='ocrx_word' id='word_1_56' title='bbox 1026 887 1154 941; x_wconf 73' lang='lat' dir='ltr'><strong>eun-55</strong></span> 
     </span>
    </p>
   </div>
   <div class='ocr_carea' id='block_1_3' title="bbox 76 960 1184 1212">
    <p class='ocr_par' dir='ltr' id='par_1_4' title="bbox 76 960 1184 1212">
     <span class='ocr_line' id='line_1_9' title="bbox 112 960 1113 1040; baseline -0.003 -17"><span class='ocrx_word' id='word_1_57' title='bbox 112 978 192 1023; x_wconf 89' lang='lat' dir='ltr'><strong>mero</strong></span> <span class='ocrx_word' id='word_1_58' title='bbox 209 961 369 1040; x_wconf 81' lang='lat' dir='ltr'><strong>principum</strong></span> <span class='ocrx_word' id='word_1_59' title='bbox 391 962 514 1021; x_wconf 87' lang='lat' dir='ltr'><strong>civitatis</strong></span> <span class='ocrx_word' id='word_1_60' title='bbox 536 960 768 1040; x_wconf 75' lang='lat' dir='ltr'><strong>depoposcerat,</strong></span> <span class='ocrx_word' id='word_1_61' title='bbox 787 960 866 1020; x_wconf 89' lang='lat' dir='ltr'><strong>velut</strong></span> <span class='ocrx_word' id='word_1_62' title='bbox 882 961 1066 1021; x_wconf 80' lang='lat' dir='ltr'><strong>consiliarios</strong></span> <span class='ocrx_word' id='word_1_63' title='bbox 1083 963 1113 1020; x_wconf 93' lang='lat' dir='ltr'><strong>in</strong></span> 
     </span>
     <span class='ocr_line' id='line_1_10' title="bbox 105 1044 1113 1126; baseline -0.004 -18"><span class='ocrx_word' id='word_1_64' title='bbox 105 1047 238 1126; x_wconf 73' lang='lat' dir='ltr'><strong>‘negotiis</strong></span> <span class='ocrx_word' id='word_1_65' title='bbox 267 1045 400 1124; x_wconf 91' lang='lat' dir='ltr'><strong>publicis.</strong></span> <span class='ocrx_word' id='word_1_66' title='bbox 449 1045 557 1105; x_wconf 90' lang='lat' dir='ltr'><strong>llorum</strong></span> <span class='ocrx_word' id='word_1_67' title='bbox 585 1046 635 1104; x_wconf 87' lang='lat' dir='ltr'><strong>vix</strong></span> <span class='ocrx_word' id='word_1_68' title='bbox 665 1045 737 1105; x_wconf 91' lang='lat' dir='ltr'><strong>duos</strong></span> <span class='ocrx_word' id='word_1_69' title='bbox 769 1063 843 1104; x_wconf 86' lang='lat' dir='ltr'><strong>anne</strong></span> <span class='ocrx_word' id='word_1_70' title='bbox 868 1052 929 1104; x_wconf 88' lang='lat' dir='ltr'><strong>tres</strong></span> <span class='ocrx_word' id='word_1_71' title='bbox 961 1044 1113 1105; x_wconf 90' lang='lat' dir='ltr'><strong>incolumis</strong></span> 
     </span>
     <span class='ocr_line' id='line_1_11' title="bbox 76 1127 1184 1212; baseline 0 -24"><span class='ocrx_word' id='word_1_72' title='bbox 76 1131 271 1212; x_wconf 69' lang='lat' dir='ltr'><strong>repraestitit,</strong></span> <span class='ocrx_word' id='word_1_73' title='bbox 298 1138 414 1190; x_wconf 88' lang='lat' dir='ltr'><strong>ceteros</strong></span> <span class='ocrx_word' id='word_1_74' title='bbox 437 1130 522 1190; x_wconf 90' lang='lat' dir='ltr'><strong>alium</strong></span> <span class='ocrx_word' id='word_1_75' title='bbox 544 1130 600 1191; x_wconf 90' lang='lat' dir='ltr'><strong>alia</strong></span> <span class='ocrx_word' id='word_1_76' title='bbox 624 1127 660 1189; x_wconf 89' lang='lat' dir='ltr'><strong>de</strong></span> <span class='ocrx_word' id='word_1_77' title='bbox 681 1147 767 1190; x_wconf 89' lang='lat' dir='ltr'><strong>causa</strong></span> <span class='ocrx_word' id='word_1_78' title='bbox 788 1129 929 1208; x_wconf 90' lang='lat' dir='ltr'><strong>perculit,</strong></span> <span class='ocrx_word' id='word_1_79' title='bbox 950 1129 1024 1189; x_wconf 86' lang='lat' dir='ltr'><strong>inter</strong></span> <span class='ocrx_word' id='word_1_80' title='bbox 1040 1147 1113 1207; x_wconf 92' lang='lat' dir='ltr'><strong>quos</strong></span> <span class='ocrx_word' id='word_1_81' title='bbox 1182 1143 1184 1148; x_wconf 86' lang='grc'><em>·</em></span> 
     </span>
    </p>
   </div>
   <div class='ocr_carea' id='block_1_4' title="bbox 9 1033 23 1068">
    <p class='ocr_par' dir='ltr' id='par_1_5' title="bbox 9 1033 23 1068">
     <span class='ocr_line' id='line_1_12' title="bbox 9 1033 23 1068; baseline 0 -12"><span class='ocrx_word' id='word_1_82' title='bbox 9 1033 23 1068; x_wconf 66' lang='lat' dir='ltr'><strong>q</strong></span> 
     </span>
    </p>
   </div>
   <div class='ocr_carea' id='block_1_5' title="bbox 9 1212 1209 3570">
    <p class='ocr_par' dir='ltr' id='par_1_6' title="bbox 9 1212 1209 3570">
     <span class='ocr_line' id='line_1_13' title="bbox 113 1212 1112 1293; baseline -0.002 -19"><span class='ocrx_word' id='word_1_83' title='bbox 113 1234 176 1276; x_wconf 90' lang='lat' dir='ltr'><strong>cnm</strong></span> <span class='ocrx_word' id='word_1_84' title='bbox 197 1215 384 1293; x_wconf 91' lang='lat' dir='ltr'><strong>plurimorum</strong></span> <span class='ocrx_word' id='word_1_85' title='bbox 407 1213 489 1273; x_wconf 88' lang='lat' dir='ltr'><strong>clade</strong></span> <span class='ocrx_word' id='word_1_86' title='bbox 510 1213 624 1273; x_wconf 81' lang='lat' dir='ltr'><strong>Aelium</strong></span> <span class='ocrx_word' id='word_1_87' title='bbox 648 1214 797 1282; x_wconf 67' lang='lat' dir='ltr'><strong>Seianum</strong></span> <span class='ocrx_word' id='word_1_88' title='bbox 816 1230 901 1292; x_wconf 91' lang='lat' dir='ltr'><strong>quem</strong></span> <span class='ocrx_word' id='word_1_89' title='bbox 920 1212 956 1273; x_wconf 93' lang='lat' dir='ltr'><strong>ad</strong></span> <span class='ocrx_word' id='word_1_90' title='bbox 978 1231 1112 1273; x_wconf 90' lang='lat' dir='ltr'><strong>summam</strong></span> 
     </span>
     <span class='ocr_line' id='line_1_14' title="bbox 112 1297 1113 1379; baseline -0.006 -17"><span class='ocrx_word' id='word_1_91' title='bbox 112 1300 270 1379; x_wconf 86' lang='lat' dir='ltr'><strong>potentiam</strong></span> <span class='ocrx_word' id='word_1_92' title='bbox 291 1315 348 1358; x_wconf 94' lang='lat' dir='ltr'><strong>non</strong></span> <span class='ocrx_word' id='word_1_93' title='bbox 369 1306 426 1358; x_wconf 91' lang='lat' dir='ltr'><strong>tam</strong></span> <span class='ocrx_word' id='word_1_94' title='bbox 446 1297 642 1358; x_wconf 85' lang='lat' dir='ltr'><strong>benivolentia</strong></span> <span class='ocrx_word' id='word_1_95' title='bbox 664 1306 857 1377; x_wconf 85' lang='lat' dir='ltr'><strong>provexerat,</strong></span> <span class='ocrx_word' id='word_1_96' title='bbox 880 1315 964 1376; x_wconf 91' lang='lat' dir='ltr'><strong>quam</strong></span> <span class='ocrx_word' id='word_1_97' title='bbox 985 1306 1016 1357; x_wconf 91' lang='lat' dir='ltr'><strong>ut</strong></span> <span class='ocrx_word' id='word_1_98' title='bbox 1035 1306 1113 1356; x_wconf 88' lang='lat' dir='ltr'><strong>esset</strong></span> 
     </span>
     <span class='ocr_line' id='line_1_15' title="bbox 113 1380 1113 1460; baseline -0.001 -18"><span class='ocrx_word' id='word_1_99' title='bbox 113 1388 192 1445; x_wconf 87' lang='lat' dir='ltr'><strong>cuius</strong></span> <span class='ocrx_word' id='word_1_100' title='bbox 206 1381 364 1441; x_wconf 89' lang='lat' dir='ltr'><strong>ministerio</strong></span> <span class='ocrx_word' id='word_1_101' title='bbox 377 1398 412 1442; x_wconf 87' lang='lat' dir='ltr'><strong>ac</strong></span> <span class='ocrx_word' id='word_1_102' title='bbox 423 1380 570 1441; x_wconf 85' lang='lat' dir='ltr'><strong>fraudibus</strong></span> <span class='ocrx_word' id='word_1_103' title='bbox 583 1382 693 1443; x_wconf 87' lang='lat' dir='ltr'><strong>liberos</strong></span> <span class='ocrx_word' id='word_1_104' title='bbox 706 1381 867 1444; x_wconf 81' lang='lat' dir='ltr'><strong>Germanici</strong></span> <span class='ocrx_word' id='word_1_105' title='bbox 882 1382 1113 1460; x_wconf 81' lang='lat' dir='ltr'><strong>circumveniret,</strong></span> 
     </span>
     <span class='ocr_line' id='line_1_16' title="bbox 9 1465 1113 1547; baseline -0.004 -18"><span class='ocrx_word' id='word_1_106' title='bbox 9 1513 12 1530; x_wconf 51' lang='lat' dir='ltr'><strong>r</strong></span> <span class='ocrx_word' id='word_1_107' title='bbox 112 1476 307 1547; x_wconf 85' lang='lat' dir='ltr'><strong>nepotemque</strong></span> <span class='ocrx_word' id='word_1_108' title='bbox 327 1483 408 1525; x_wconf 90' lang='lat' dir='ltr'><strong>suum</strong></span> <span class='ocrx_word' id='word_1_109' title='bbox 426 1483 463 1525; x_wconf 85' lang='lat' dir='ltr'><strong>ex</strong></span> <span class='ocrx_word' id='word_1_110' title='bbox 480 1465 576 1526; x_wconf 88' lang='lat' dir='ltr'><strong>Druso</strong></span> <span class='ocrx_word' id='word_1_111' title='bbox 592 1467 651 1526; x_wconf 89' lang='lat' dir='ltr'><strong>lilio</strong></span> <span class='ocrx_word' id='word_1_112' title='bbox 667 1467 826 1528; x_wconf 86' lang='lat' dir='ltr'><strong>naturalem</strong></span> <span class='ocrx_word' id='word_1_113' title='bbox 842 1465 878 1526; x_wconf 96' lang='lat' dir='ltr'><strong>ad</strong></span> <span class='ocrx_word' id='word_1_114' title='bbox 894 1468 1113 1526; x_wconf 87' lang='lat' dir='ltr'><strong>successionem</strong></span> 
     </span>
     <span class='ocr_line' id='line_1_17' title="bbox 72 1550 430 1630; baseline -0.011 -18"><span class='ocrx_word' id='word_1_115' title='bbox 72 1570 103 1613; x_wconf 78' lang='lat' dir='ltr'><strong>sc</strong></span> <span class='ocrx_word' id='word_1_116' title='bbox 112 1551 224 1630; x_wconf 89' lang='lat' dir='ltr'><strong>imperii</strong></span> <span class='ocrx_word' id='word_1_117' title='bbox 239 1550 430 1610; x_wconf 83' lang='lat' dir='ltr'><strong>confirmaret.</strong></span> 
     </span>
     <span class='ocr_line' id='line_1_18' title="bbox 94 1633 1155 1716; baseline 0.001 -21"><span class='ocrx_word' id='word_1_118' title='bbox 94 1678 95 1682; x_wconf 65' lang='lat'><strong>,</strong></span> <span class='ocrx_word' id='word_1_119' title='bbox 171 1633 268 1695; x_wconf 83' lang='lat' dir='ltr'><strong>Nihilo</strong></span> <span class='ocrx_word' id='word_1_120' title='bbox 290 1634 384 1694; x_wconf 89' lang='lat' dir='ltr'><strong>lenior</strong></span> <span class='ocrx_word' id='word_1_121' title='bbox 403 1635 431 1694; x_wconf 90' lang='lat' dir='ltr'><strong>in</strong></span> <span class='ocrx_word' id='word_1_122' title='bbox 454 1637 638 1697; x_wconf 88' lang='lat' dir='ltr'><strong>convictores</strong></span> <span class='ocrx_word' id='word_1_123' title='bbox 662 1636 838 1714; x_wconf 83' lang='lat' dir='ltr'><strong>Graeculos,</strong></span> <span class='ocrx_word' id='word_1_124' title='bbox 861 1635 963 1716; x_wconf 88' lang='lat' dir='ltr'><strong>quibus</strong></span> <span class='ocrx_word' id='word_1_125' title='bbox 987 1636 1033 1696; x_wconf 89' lang='lat' dir='ltr'><strong>vel</strong></span> <span class='ocrx_word' id='word_1_126' title='bbox 1054 1655 1111 1698; x_wconf 93' lang='lat' dir='ltr'><strong>ma·</strong></span> <span class='ocrx_word' id='word_1_127' title='bbox 1121 1640 1155 1696; x_wconf 81' lang='lat'><strong>56</strong></span> 
     </span>
     <span class='ocr_line' id='line_1_19' title="bbox 9 1718 1112 1808; baseline 0.001 -29"><span class='ocrx_word' id='word_1_128' title='bbox 9 1785 13 1808; x_wconf 45' lang='lat'>‚</span> <span class='ocrx_word' id='word_1_129' title='bbox 111 1721 188 1780; x_wconf 88' lang='lat' dir='ltr'><strong>xime</strong></span> <span class='ocrx_word' id='word_1_130' title='bbox 203 1718 419 1806; x_wconf 80' lang='lat' dir='ltr'><strong>adquiescebat.</strong></span> <span class='ocrx_word' id='word_1_131' title='bbox 453 1719 605 1784; x_wconf 88' lang='lat' dir='ltr'><strong>Xenonem</strong></span> <span class='ocrx_word' id='word_1_132' title='bbox 621 1721 762 1801; x_wconf 90' lang='lat' dir='ltr'><strong>quendam</strong></span> <span class='ocrx_word' id='word_1_133' title='bbox 788 1721 960 1801; x_wconf 86' lang='lat' dir='ltr'><strong>exquisitius</strong></span> <span class='ocrx_word' id='word_1_134' title='bbox 975 1721 1112 1780; x_wconf 88' lang='lat' dir='ltr'><strong>sermoci-</strong></span> 
     </span>
     <span class='ocr_line' id='line_1_20' title="bbox 111 1804 1113 1884; baseline -0.001 -19"><span class='ocrx_word' id='word_1_135' title='bbox 111 1813 225 1865; x_wconf 89' lang='lat' dir='ltr'><strong>nantem</strong></span> <span class='ocrx_word' id='word_1_136' title='bbox 239 1821 302 1862; x_wconf 92' lang='lat' dir='ltr'><strong>cum</strong></span> <span class='ocrx_word' id='word_1_137' title='bbox 316 1805 537 1883; x_wconf 83' lang='lat' dir='ltr'><strong>interrogasset,</strong></span> <span class='ocrx_word' id='word_1_138' title='bbox 553 1824 692 1884; x_wconf 87' lang='lat' dir='ltr'><strong>quaenam</strong></span> <span class='ocrx_word' id='word_1_139' title='bbox 707 1805 824 1866; x_wconf 88' lang='lat' dir='ltr'><strong>illatam</strong></span> <span class='ocrx_word' id='word_1_140' title='bbox 835 1807 959 1865; x_wconf 91' lang='lat' dir='ltr'><strong>molesta</strong></span> <span class='ocrx_word' id='word_1_141' title='bbox 970 1804 1113 1865; x_wconf 88' lang='lat' dir='ltr'><strong>dialectos</strong></span> 
     </span>
     <span class='ocr_line' id='line_1_21' title="bbox 113 1887 1112 1966; baseline 0 -18"><span class='ocrx_word' id='word_1_142' title='bbox 113 1896 208 1964; x_wconf 87' lang='lat' dir='ltr'><strong>esset,</strong></span> <span class='ocrx_word' id='word_1_143' title='bbox 228 1894 257 1946; x_wconf 91' lang='lat' dir='ltr'><strong>et</strong></span> <span class='ocrx_word' id='word_1_144' title='bbox 271 1887 320 1946; x_wconf 93' lang='lat' dir='ltr'><strong>ille</strong></span> <span class='ocrx_word' id='word_1_145' title='bbox 336 1889 536 1966; x_wconf 89' lang='lat' dir='ltr'><strong>respondisset</strong></span> <span class='ocrx_word' id='word_1_146' title='bbox 549 1888 701 1966; x_wconf 88' lang='lat' dir='ltr'><strong>Doridem,</strong></span> <span class='ocrx_word' id='word_1_147' title='bbox 717 1889 860 1966; x_wconf 83' lang='lat' dir='ltr'><strong>relegavit</strong></span> <span class='ocrx_word' id='word_1_148' title='bbox 879 1887 1036 1966; x_wconf 87' lang='lat' dir='ltr'><strong>Cinariam,</strong></span> <span class='ocrx_word' id='word_1_149' title='bbox 1052 1891 1112 1948; x_wconf 84' lang='lat' dir='ltr'><strong>exi·</strong></span> 
     </span>
     <span class='ocr_line' id='line_1_22' title="bbox 72 1970 1112 2051; baseline -0.002 -19"><span class='ocrx_word' id='word_1_150' title='bbox 72 1974 229 2033; x_wconf 80' lang='lat' dir='ltr'><strong>aestimans</strong></span> <span class='ocrx_word' id='word_1_151' title='bbox 254 1970 460 2049; x_wconf 84' lang='lat' dir='ltr'><strong>exprobratum</strong></span> <span class='ocrx_word' id='word_1_152' title='bbox 485 1972 540 2031; x_wconf 90' lang='lat' dir='ltr'><strong>sihi</strong></span> <span class='ocrx_word' id='word_1_153' title='bbox 565 1981 694 2033; x_wconf 88' lang='lat' dir='ltr'><strong>veterem</strong></span> <span class='ocrx_word' id='word_1_154' title='bbox 720 1991 880 2048; x_wconf 89' lang='lat' dir='ltr'><strong>secessum,</strong></span> <span class='ocrx_word' id='word_1_155' title='bbox 907 1972 983 2051; x_wconf 93' lang='lat' dir='ltr'><strong>quod</strong></span> <span class='ocrx_word' id='word_1_156' title='bbox 1004 1971 1112 2032; x_wconf 91' lang='lat' dir='ltr'><strong>Dorice</strong></span> 
     </span>
     <span class='ocr_line' id='line_1_23' title="bbox 110 2054 1114 2134; baseline -0.002 -17"><span class='ocrx_word' id='word_1_157' title='bbox 110 2055 217 2118; x_wconf 85' lang='lat' dir='ltr'><strong>Rhodii</strong></span> <span class='ocrx_word' id='word_1_158' title='bbox 242 2055 404 2134; x_wconf 89' lang='lat' dir='ltr'><strong>loquantur.</strong></span> <span class='ocrx_word' id='word_1_159' title='bbox 436 2055 508 2115; x_wconf 90' lang='lat' dir='ltr'><strong>ltem</strong></span> <span class='ocrx_word' id='word_1_160' title='bbox 535 2074 598 2115; x_wconf 91' lang='lat' dir='ltr'><strong>cnm</strong></span> <span class='ocrx_word' id='word_1_161' title='bbox 625 2057 737 2116; x_wconf 88' lang='lat' dir='ltr'><strong>soleret</strong></span> <span class='ocrx_word' id='word_1_162' title='bbox 764 2074 802 2115; x_wconf 86' lang='lat' dir='ltr'><strong>ex</strong></span> <span class='ocrx_word' id='word_1_163' title='bbox 821 2055 948 2115; x_wconf 87' lang='lat' dir='ltr'><strong>lectione</strong></span> <span class='ocrx_word' id='word_1_164' title='bbox 970 2054 1114 2127; x_wconf 89' lang='lat' dir='ltr'><strong>cotidiana</strong></span> 
     </span>
     <span class='ocr_line' id='line_1_24' title="bbox 112 2139 1112 2220; baseline -0.004 -19"><span class='ocrx_word' id='word_1_165' title='bbox 112 2141 299 2220; x_wconf 87' lang='lat' dir='ltr'><strong>quaestiones</strong></span> <span class='ocrx_word' id='word_1_166' title='bbox 321 2157 411 2218; x_wconf 91' lang='lat' dir='ltr'><strong>super</strong></span> <span class='ocrx_word' id='word_1_167' title='bbox 434 2157 551 2200; x_wconf 90' lang='lat' dir='ltr'><strong>caenam</strong></span> <span class='ocrx_word' id='word_1_168' title='bbox 567 2157 736 2219; x_wconf 88' lang='lat' dir='ltr'><strong>proponere</strong></span> <span class='ocrx_word' id='word_1_169' title='bbox 760 2149 788 2199; x_wconf 87' lang='lat' dir='ltr'><strong>et</strong></span> <span class='ocrx_word' id='word_1_170' title='bbox 805 2140 996 2218; x_wconf 87' lang='lat' dir='ltr'><strong>comperisset</strong></span> <span class='ocrx_word' id='word_1_171' title='bbox 1011 2139 1112 2198; x_wconf 90' lang='lat' dir='ltr'><strong>Seleu·</strong></span> 
     </span>
     <span class='ocr_line' id='line_1_25' title="bbox 11 2224 1112 2312; baseline -0.003 -27"><span class='ocrx_word' id='word_1_172' title='bbox 11 2293 16 2312; x_wconf 89' lang='lat'>.</span> <span class='ocrx_word' id='word_1_173' title='bbox 112 2243 175 2285; x_wconf 91' lang='lat' dir='ltr'><strong>cum</strong></span> <span class='ocrx_word' id='word_1_174' title='bbox 194 2224 410 2302; x_wconf 77' lang='lat' dir='ltr'><strong>grammaticum</strong></span> <span class='ocrx_word' id='word_1_175' title='bbox 432 2243 449 2285; x_wconf 99' lang='lat' dir='ltr'><strong>a</strong></span> <span class='ocrx_word' id='word_1_176' title='bbox 465 2224 601 2284; x_wconf 91' lang='lat' dir='ltr'><strong>ministris</strong></span> <span class='ocrx_word' id='word_1_177' title='bbox 616 2226 676 2284; x_wconf 90' lang='lat' dir='ltr'><strong>suis</strong></span> <span class='ocrx_word' id='word_1_178' title='bbox 693 2224 881 2303; x_wconf 87' lang='lat' dir='ltr'><strong>perquirere,</strong></span> <span class='ocrx_word' id='word_1_179' title='bbox 904 2240 978 2301; x_wconf 89' lang='lat' dir='ltr'><strong>quos</strong></span> <span class='ocrx_word' id='word_1_180' title='bbox 996 2239 1112 2301; x_wconf 89' lang='lat' dir='ltr'><strong>quoque</strong></span> 
     </span>
     <span class='ocr_line' id='line_1_26' title="bbox 111 2308 1112 2388; baseline -0.003 -19"><span class='ocrx_word' id='word_1_181' title='bbox 111 2320 243 2388; x_wconf 90' lang='lat' dir='ltr'><strong>tempore</strong></span> <span class='ocrx_word' id='word_1_182' title='bbox 271 2318 408 2369; x_wconf 88' lang='lat' dir='ltr'><strong>tractaret</strong></span> <span class='ocrx_word' id='word_1_183' title='bbox 433 2318 581 2386; x_wconf 87' lang='lat' dir='ltr'><strong>auctores,</strong></span> <span class='ocrx_word' id='word_1_184' title='bbox 609 2317 696 2387; x_wconf 89' lang='lat' dir='ltr'><strong>atque</strong></span> <span class='ocrx_word' id='word_1_185' title='bbox 716 2309 754 2368; x_wconf 90' lang='lat' dir='ltr'><strong>ita</strong></span> <span class='ocrx_word' id='word_1_186' title='bbox 776 2316 976 2387; x_wconf 90' lang='lat' dir='ltr'><strong>praeparatum</strong></span> <span class='ocrx_word' id='word_1_187' title='bbox 1000 2308 1112 2384; x_wconf 85' lang='lat' dir='ltr'><strong>venire,</strong></span> 
     </span>
     <span class='ocr_line' id='line_1_27' title="bbox 74 2392 1111 2475; baseline 0.001 -25"><span class='ocrx_word' id='word_1_188' title='bbox 74 2396 233 2475; x_wconf 73' lang='lat' dir='ltr'><strong>caprimum</strong></span> <span class='ocrx_word' id='word_1_189' title='bbox 246 2411 263 2454; x_wconf 91' lang='lat' dir='ltr'><strong>a</strong></span> <span class='ocrx_word' id='word_1_190' title='bbox 279 2393 467 2454; x_wconf 89' lang='lat' dir='ltr'><strong>contubernio</strong></span> <span class='ocrx_word' id='word_1_191' title='bbox 482 2394 615 2470; x_wconf 82' lang='lat' dir='ltr'><strong>remouit,</strong></span> <span class='ocrx_word' id='word_1_192' title='bbox 632 2392 736 2453; x_wconf 90' lang='lat' dir='ltr'><strong>deinde</strong></span> <span class='ocrx_word' id='word_1_193' title='bbox 748 2394 833 2452; x_wconf 89' lang='lat' dir='ltr'><strong>etiam</strong></span> <span class='ocrx_word' id='word_1_194' title='bbox 848 2392 885 2452; x_wconf 88' lang='lat' dir='ltr'><strong>ad</strong></span> <span class='ocrx_word' id='word_1_195' title='bbox 898 2402 1018 2453; x_wconf 90' lang='lat' dir='ltr'><strong>mortem</strong></span> <span class='ocrx_word' id='word_1_196' title='bbox 1035 2410 1111 2452; x_wconf 89' lang='lat' dir='ltr'><strong>conr·</strong></span> 
     </span>
     <span class='ocr_line' id='line_1_28' title="bbox 132 2478 193 2538; baseline -0.049 0"><span class='ocrx_word' id='word_1_197' title='bbox 132 2478 193 2538; x_wconf 91' lang='lat' dir='ltr'><strong>ulit.</strong></span> 
     </span>
     <span class='ocr_line' id='line_1_29' title="bbox 11 2498 1151 2642; baseline 0.002 -20"><span class='ocrx_word' id='word_1_198' title='bbox 11 2567 12 2586; x_wconf 67' lang='lat'>¹</span> <span class='ocrx_word' id='word_1_199' title='bbox 109 2498 129 2558; x_wconf 70' lang='lat' dir='ltr'>p</span> <span class='ocrx_word' id='word_1_200' title='bbox 174 2563 268 2623; x_wconf 81' lang='lat' dir='ltr'><strong>Saeva</strong></span> <span class='ocrx_word' id='word_1_201' title='bbox 292 2581 327 2622; x_wconf 92' lang='lat' dir='ltr'><strong>ac</strong></span> <span class='ocrx_word' id='word_1_202' title='bbox 350 2562 428 2623; x_wconf 90' lang='lat' dir='ltr'><strong>lenta</strong></span> <span class='ocrx_word' id='word_1_203' title='bbox 448 2571 547 2623; x_wconf 89' lang='lat' dir='ltr'><strong>natura</strong></span> <span class='ocrx_word' id='word_1_204' title='bbox 570 2581 607 2621; x_wconf 90' lang='lat' dir='ltr'><strong>ne</strong></span> <span class='ocrx_word' id='word_1_205' title='bbox 624 2562 651 2620; x_wconf 91' lang='lat' dir='ltr'><strong>in</strong></span> <span class='ocrx_word' id='word_1_206' title='bbox 669 2579 760 2642; x_wconf 90' lang='lat' dir='ltr'><strong>puero</strong></span> <span class='ocrx_word' id='word_1_207' title='bbox 777 2560 891 2640; x_wconf 89' lang='lat' dir='ltr'><strong>quidem</strong></span> <span class='ocrx_word' id='word_1_208' title='bbox 907 2561 1003 2622; x_wconf 90' lang='lat' dir='ltr'><strong>latuit:</strong></span> <span class='ocrx_word' id='word_1_209' title='bbox 1028 2570 1151 2638; x_wconf 72' lang='lat' dir='ltr'><strong>quamn?</strong></span> 
     </span>
     <span class='ocr_line' id='line_1_30' title="bbox 110 2644 1112 2725; baseline -0.006 -19"><span class='ocrx_word' id='word_1_210' title='bbox 110 2644 283 2706; x_wconf 82' lang='lat' dir='ltr'><strong>Theodorus</strong></span> <span class='ocrx_word' id='word_1_211' title='bbox 305 2645 452 2707; x_wconf 83' lang='lat' dir='ltr'><strong>Gadareus</strong></span> <span class='ocrx_word' id='word_1_212' title='bbox 478 2646 644 2706; x_wconf 88' lang='lat' dir='ltr'><strong>rhetoricae</strong></span> <span class='ocrx_word' id='word_1_213' title='bbox 669 2655 845 2725; x_wconf 88' lang='lat' dir='ltr'><strong>praeceptor</strong></span> <span class='ocrx_word' id='word_1_214' title='bbox 866 2655 898 2704; x_wconf 89' lang='lat' dir='ltr'><strong>et</strong></span> <span class='ocrx_word' id='word_1_215' title='bbox 922 2644 1112 2725; x_wconf 88' lang='lat' dir='ltr'><strong>perspexisse</strong></span> 
     </span>
     <span class='ocr_line' id='line_1_31' title="bbox 110 2725 1112 2810; baseline -0.005 -21"><span class='ocrx_word' id='word_1_216' title='bbox 110 2731 220 2810; x_wconf 90' lang='lat' dir='ltr'><strong>primus</strong></span> <span class='ocrx_word' id='word_1_217' title='bbox 240 2731 385 2808; x_wconf 80' lang='lat' dir='ltr'><strong>sagaciter</strong></span> <span class='ocrx_word' id='word_1_218' title='bbox 407 2739 436 2791; x_wconf 91' lang='lat' dir='ltr'><strong>et</strong></span> <span class='ocrx_word' id='word_1_219' title='bbox 457 2730 632 2791; x_wconf 87' lang='lat' dir='ltr'><strong>assimilasse</strong></span> <span class='ocrx_word' id='word_1_220' title='bbox 647 2731 794 2808; x_wconf 89' lang='lat' dir='ltr'><strong>aptissime</strong></span> <span class='ocrx_word' id='word_1_221' title='bbox 812 2731 891 2790; x_wconf 86' lang='lat' dir='ltr'><strong>visus</strong></span> <span class='ocrx_word' id='word_1_222' title='bbox 908 2740 966 2806; x_wconf 89' lang='lat' dir='ltr'><strong>est,</strong></span> <span class='ocrx_word' id='word_1_223' title='bbox 991 2725 1112 2786; x_wconf 88' lang='lat' dir='ltr'><strong>subinde</strong></span> 
     </span>
     <span class='ocr_line' id='line_1_32' title="bbox 74 2803 1209 2895; baseline -0.004 -22"><span class='ocrx_word' id='word_1_224' title='bbox 74 2815 141 2874; x_wconf 82' lang='lat' dir='ltr'><strong>scin</strong></span> <span class='ocrx_word' id='word_1_225' title='bbox 163 2814 342 2894; x_wconf 78' lang='lat' dir='ltr'><strong>obiurgando</strong></span> <span class='ocrx_word' id='word_1_226' title='bbox 366 2815 518 2895; x_wconf 90' lang='lat' dir='ltr'><strong>appellans</strong></span> <span class='ocrx_word' id='word_1_227' title='bbox 534 2832 598 2874; x_wconf 91' lang='lat' dir='ltr'><strong>eum</strong></span> <span class='ocrx_word' id='word_1_228' title='bbox 613 2803 721 2893; x_wconf 79' lang='grc' dir='ltr'><strong><em>πηλὸν</em></strong></span> <span class='ocrx_word' id='word_1_229' title='bbox 742 2812 854 2894; x_wconf 79' lang='grc' dir='ltr'><strong><em>αἵματι</em></strong></span> <span class='ocrx_word' id='word_1_230' title='bbox 873 2805 1112 2892; x_wconf 81' lang='grc' dir='ltr'><strong><em>πεφυραμένον</em></strong></span> <span class='ocrx_word' id='word_1_231' title='bbox 1208 2851 1209 2856; x_wconf 37' lang='lat'>1</span> 
     </span>
     <span class='ocr_line' id='line_1_33' title="bbox 112 2893 1112 2984; baseline -0.006 -27"><span class='ocrx_word' id='word_1_232' title='bbox 112 2893 154 2984; x_wconf 91' lang='lat' dir='ltr'><strong>[id</strong></span> <span class='ocrx_word' id='word_1_233' title='bbox 168 2909 213 2959; x_wconf 89' lang='lat' dir='ltr'><strong>est</strong></span> <span class='ocrx_word' id='word_1_234' title='bbox 227 2900 316 2960; x_wconf 92' lang='lat' dir='ltr'><strong>lutum</strong></span> <span class='ocrx_word' id='word_1_235' title='bbox 332 2918 347 2958; x_wconf 90' lang='lat' dir='ltr'><strong>a</strong></span> <span class='ocrx_word' id='word_1_236' title='bbox 364 2901 502 2977; x_wconf 83' lang='lat' dir='ltr'><strong>sanguine</strong></span> <span class='ocrx_word' id='word_1_237' title='bbox 519 2895 715 2981; x_wconf 87' lang='lat' dir='ltr'><strong>maceratum]</strong></span> <span class='ocrx_word' id='word_1_238' title='bbox 742 2899 800 2959; x_wconf 88' lang='lat' dir='ltr'><strong>Sed</strong></span> <span class='ocrx_word' id='word_1_239' title='bbox 816 2898 961 2977; x_wconf 91' lang='lat' dir='ltr'><strong>aliquanto</strong></span> <span class='ocrx_word' id='word_1_240' title='bbox 976 2895 1068 2971; x_wconf 79' lang='lat' dir='ltr'><strong>magis</strong></span> <span class='ocrx_word' id='word_1_241' title='bbox 1083 2895 1112 2952; x_wconf 94' lang='lat' dir='ltr'><strong>in</strong></span> 
     </span>
     <span class='ocr_line' id='line_1_34' title="bbox 109 2980 1112 3063; baseline -0.007 -21"><span class='ocrx_word' id='word_1_242' title='bbox 109 2984 242 3063; x_wconf 92' lang='lat' dir='ltr'><strong>principe</strong></span> <span class='ocrx_word' id='word_1_243' title='bbox 258 2984 357 3060; x_wconf 84' lang='lat' dir='ltr'><strong>eluxit,</strong></span> <span class='ocrx_word' id='word_1_244' title='bbox 369 2984 453 3043; x_wconf 92' lang='lat' dir='ltr'><strong>etiam</strong></span> <span class='ocrx_word' id='word_1_245' title='bbox 465 2985 540 3044; x_wconf 87' lang='lat' dir='ltr'><strong>inter</strong></span> <span class='ocrx_word' id='word_1_246' title='bbox 553 2984 632 3043; x_wconf 90' lang='lat' dir='ltr'><strong>initia</strong></span> <span class='ocrx_word' id='word_1_247' title='bbox 645 3001 708 3043; x_wconf 91' lang='lat' dir='ltr'><strong>cum</strong></span> <span class='ocrx_word' id='word_1_248' title='bbox 723 2981 815 3043; x_wconf 88' lang='lat' dir='ltr'><strong>adhuc</strong></span> <span class='ocrx_word' id='word_1_249' title='bbox 826 2983 957 3041; x_wconf 80' lang='lat' dir='ltr'><strong>favorem</strong></span> <span class='ocrx_word' id='word_1_250' title='bbox 968 2980 1112 3039; x_wconf 90' lang='lat' dir='ltr'><strong>hominum</strong></span> 
     </span>
     <span class='ocr_line' id='line_1_35' title="bbox 109 3065 1111 3146; baseline -0.007 -18"><span class='ocrx_word' id='word_1_251' title='bbox 109 3067 316 3128; x_wconf 89' lang='lat' dir='ltr'><strong>moderationis</strong></span> <span class='ocrx_word' id='word_1_252' title='bbox 341 3067 522 3129; x_wconf 90' lang='lat' dir='ltr'><strong>simulatione</strong></span> <span class='ocrx_word' id='word_1_253' title='bbox 549 3075 688 3146; x_wconf 90' lang='lat' dir='ltr'><strong>captaret.</strong></span> <span class='ocrx_word' id='word_1_254' title='bbox 731 3067 880 3141; x_wconf 87' lang='lat' dir='ltr'><strong>Scurram,</strong></span> <span class='ocrx_word' id='word_1_255' title='bbox 907 3065 955 3144; x_wconf 93' lang='lat' dir='ltr'><strong>qui</strong></span> <span class='ocrx_word' id='word_1_256' title='bbox 982 3071 1111 3142; x_wconf 90' lang='lat' dir='ltr'><strong>praeter-</strong></span> 
     </span>
     <span class='ocr_line' id='line_1_36' title="bbox 112 3148 1110 3228; baseline -0.006 -16"><span class='ocrx_word' id='word_1_257' title='bbox 112 3161 197 3212; x_wconf 89' lang='lat' dir='ltr'><strong>eunte</strong></span> <span class='ocrx_word' id='word_1_258' title='bbox 217 3153 318 3212; x_wconf 85' lang='lat' dir='ltr'><strong>funere</strong></span> <span class='ocrx_word' id='word_1_259' title='bbox 342 3152 553 3213; x_wconf 87' lang='lat' dir='ltr'><strong>claremortuo</strong></span> <span class='ocrx_word' id='word_1_260' title='bbox 571 3150 735 3228; x_wconf 88' lang='lat' dir='ltr'><strong>mandarat,</strong></span> <span class='ocrx_word' id='word_1_261' title='bbox 757 3158 787 3210; x_wconf 92' lang='lat' dir='ltr'><strong>ut</strong></span> <span class='ocrx_word' id='word_1_262' title='bbox 807 3150 949 3209; x_wconf 89' lang='lat' dir='ltr'><strong>nuntiaret</strong></span> <span class='ocrx_word' id='word_1_263' title='bbox 965 3148 1110 3224; x_wconf 80' lang='lat' dir='ltr'><strong>Angusto,</strong></span> 
     </span>
     <span class='ocr_line' id='line_1_37' title="bbox 76 3225 1112 3316; baseline -0.006 -19"><span class='ocrx_word' id='word_1_264' title='bbox 76 3235 244 3297; x_wconf 66' lang='lat' dir='ltr'><strong>urcundum</strong></span> <span class='ocrx_word' id='word_1_265' title='bbox 263 3236 355 3297; x_wconf 80' lang='lat' dir='ltr'><strong>reddi</strong></span> <span class='ocrx_word' id='word_1_266' title='bbox 369 3236 474 3316; x_wconf 81' lang='lat' dir='ltr'><strong>lepotc</strong></span> <span class='ocrx_word' id='word_1_267' title='bbox 494 3253 574 3316; x_wconf 84' lang='lat' dir='ltr'><strong>quoe</strong></span> <span class='ocrx_word' id='word_1_268' title='bbox 585 3235 687 3314; x_wconf 84' lang='lat' dir='ltr'><strong>plebei</strong></span> <span class='ocrx_word' id='word_1_269' title='bbox 699 3225 885 3313; x_wconf 69' lang='lat' dir='ltr'><strong>reliquisset,</strong></span> <span class='ocrx_word' id='word_1_270' title='bbox 903 3233 1059 3294; x_wconf 89' lang='lat' dir='ltr'><strong>adtractum</strong></span> <span class='ocrx_word' id='word_1_271' title='bbox 1076 3231 1112 3292; x_wconf 92' lang='lat' dir='ltr'><strong>ad</strong></span> 
     </span>
     <span class='ocr_line' id='line_1_38' title="bbox 111 3318 1112 3399; baseline -0.006 -19"><span class='ocrx_word' id='word_1_272' title='bbox 111 3338 142 3380; x_wconf 90' lang='lat' dir='ltr'><strong>se</strong></span> <span class='ocrx_word' id='word_1_273' title='bbox 166 3321 303 3399; x_wconf 88' lang='lat' dir='ltr'><strong>recipere</strong></span> <span class='ocrx_word' id='word_1_274' title='bbox 330 3320 456 3381; x_wconf 89' lang='lat' dir='ltr'><strong>debitum</strong></span> <span class='ocrx_word' id='word_1_275' title='bbox 482 3321 605 3399; x_wconf 89' lang='lat' dir='ltr'><strong>ducique</strong></span> <span class='ocrx_word' id='word_1_276' title='bbox 631 3320 668 3380; x_wconf 94' lang='lat' dir='ltr'><strong>ad</strong></span> <span class='ocrx_word' id='word_1_277' title='bbox 695 3318 869 3398; x_wconf 91' lang='lat' dir='ltr'><strong>supplicium</strong></span> <span class='ocrx_word' id='word_1_278' title='bbox 890 3318 1056 3397; x_wconf 85' lang='lat' dir='ltr'><strong>imperavit,</strong></span> <span class='ocrx_word' id='word_1_279' title='bbox 1083 3324 1112 3374; x_wconf 91' lang='lat' dir='ltr'><strong>et</strong></span> 
     </span>
     <span class='ocr_line' id='line_1_39' title="bbox 111 3400 1111 3483; baseline -0.006 -19"><span class='ocrx_word' id='word_1_280' title='bbox 111 3404 187 3483; x_wconf 89' lang='lat' dir='ltr'><strong>patri</strong></span> <span class='ocrx_word' id='word_1_281' title='bbox 202 3423 254 3464; x_wconf 91' lang='lat' dir='ltr'><strong>suo</strong></span> <span class='ocrx_word' id='word_1_282' title='bbox 271 3423 371 3465; x_wconf 86' lang='lat' dir='ltr'><strong>verum</strong></span> <span class='ocrx_word' id='word_1_283' title='bbox 386 3405 508 3464; x_wconf 81' lang='lat' dir='ltr'><strong>reterre.</strong></span> <span class='ocrx_word' id='word_1_284' title='bbox 542 3403 606 3466; x_wconf 87' lang='lat' dir='ltr'><strong>Nec</strong></span> <span class='ocrx_word' id='word_1_285' title='bbox 620 3402 708 3464; x_wconf 91' lang='lat' dir='ltr'><strong>multo</strong></span> <span class='ocrx_word' id='word_1_286' title='bbox 725 3413 793 3483; x_wconf 92' lang='lat' dir='ltr'><strong>post</strong></span> <span class='ocrx_word' id='word_1_287' title='bbox 810 3403 838 3462; x_wconf 93' lang='lat' dir='ltr'><strong>in</strong></span> <span class='ocrx_word' id='word_1_288' title='bbox 856 3412 956 3464; x_wconf 90' lang='lat' dir='ltr'><strong>senatu</strong></span> <span class='ocrx_word' id='word_1_289' title='bbox 972 3400 1111 3479; x_wconf 89' lang='lat' dir='ltr'><strong>Pompeio</strong></span> 
     </span>
     <span class='ocr_line' id='line_1_40' title="bbox 14 3486 1111 3570; baseline -0.005 -22"><span class='ocrx_word' id='word_1_290' title='bbox 14 3493 38 3558; x_wconf 62' lang='lat' dir='ltr'><strong>l,</strong></span> <span class='ocrx_word' id='word_1_291' title='bbox 112 3486 221 3548; x_wconf 88' lang='lat' dir='ltr'><strong>cuidam</strong></span> <span class='ocrx_word' id='word_1_292' title='bbox 242 3490 330 3570; x_wconf 88' lang='lat' dir='ltr'><strong>equiti</strong></span> <span class='ocrx_word' id='word_1_293' title='bbox 351 3490 386 3550; x_wconf 84' lang='lat' dir='ltr'><strong>R.</strong></span> <span class='ocrx_word' id='word_1_294' title='bbox 408 3488 539 3569; x_wconf 92' lang='lat' dir='ltr'><strong>quiddam</strong></span> <span class='ocrx_word' id='word_1_295' title='bbox 563 3491 747 3570; x_wconf 76' lang='lat' dir='ltr'><strong>perneganti,</strong></span> <span class='ocrx_word' id='word_1_296' title='bbox 770 3488 835 3549; x_wconf 92' lang='lat' dir='ltr'><strong>dum</strong></span> <span class='ocrx_word' id='word_1_297' title='bbox 852 3488 966 3549; x_wconf 87' lang='lat' dir='ltr'><strong>vincula</strong></span> <span class='ocrx_word' id='word_1_298' title='bbox 982 3487 1111 3558; x_wconf 91' lang='lat' dir='ltr'><strong>minatur,</strong></span> 
     </span>
    </p>
   </div>
   <div class='ocr_carea' id='block_1_6' title="bbox 0 0 1238 3896">
    <p class='ocr_par' dir='ltr' id='par_1_7' title="bbox 0 0 1238 3896">
     <span class='ocr_line' id='line_1_41' title="bbox 0 0 1238 3896; baseline 0 0"><span class='ocrx_word' id='word_1_299' title='bbox 0 0 1238 3896; x_wconf 95' lang='lat' dir='ltr'><strong> </strong></span> 
     </span>
    </p>
   </div>
  </div>
 </body>
</html>
