2392 3926
220 221 498 274 basanbrunnum
519 219 699 268 nunnonun
719 218 920 277 anmoumn.
1005 201 1064 265 291

69 384 202 450 homines
230 389 314 442 exuta
341 377 457 439 feritate
487 377 627 436 rationem
651 377 730 436 vitae
760 374 870 435 lrabere
901 373 1069 451 coepissent
1181 449 1184 454 ἡ

70 488 164 552 seque
177 487 210 528 ac
226 466 298 527 deos
313 482 382 524 suos
399 479 504 538 nosse,
522 459 626 520 cultum
638 459 781 521 modicum
795 477 830 520 ac
842 474 1005 518 sermonem
1019 470 1068 515 ne·
1183 455 1184 464 ’

70 555 228 619 cessarium
250 549 402 611 commenti
425 545 496 622 sibi,
518 545 667 621 utriusque
688 545 929 622 magnificentiam
951 541 987 601 ad
1001 539 1068 600 reli·

67 641 186 719 monem
201 636 320 696 deorum
334 649 450 693 suorum
467 630 719 706 excogitaverunt.
742 627 834 704 Igitur
845 637 875 687 ut
887 627 994 705 templa
1011 624 1069 685 illis

46 722 201 786 edomibus
226 719 391 799 pulchriora
413 725 442 774 et
456 713 610 774 simulacra
628 711 802 790 corporibus
824 711 965 790 ampliora
979 711 1068 770 iacie-

69 807 155 885 bant,
177 806 217 867 ita
238 803 354 882 cloquio
377 801 462 860 etiam
484 799 566 877 quasi
591 799 760 874 augustiore
781 795 967 856 honorandos
987 804 1068 874 puta·

68 898 173 954 verunt
194 887 352 965 laudesque
374 901 473 944 eorum
488 890 518 942 et
532 879 630 942 verbis
651 879 857 956 illustrioribus
877 886 906 938 et
920 879 1067 938 iucundio-

69 975 150 1038 ribus
164 975 288 1034 numeris
305 969 478 1030 extulerunt.
508 965 541 1026 ld
560 983 653 1043 genus
676 967 741 1044 quia
756 965 848 1025 forma
871 962 991 1042 quadam
1007 963 1068 1023 elli·

70 1061 161 1136 citur,
187 1074 260 1136 quae
283 1043 418 1131 ποιότης
440 1052 560 1126 dicitur,
584 1067 688 1129 poema
709 1050 866 1110 vocitatum
888 1056 933 1106 est
948 1049 1068 1135 eiusque

32 1145 189 1212 relictores
205 1149 320 1221 poetae.
349 1133 493 1198 isidorus
508 1133 626 1214 etymol.
643 1141 670 1211 8,
688 1143 714 1194 7.

138 1227 175 1277 Dc
188 1225 251 1291 ipsis
263 1223 345 1290 poetis
357 1221 425 1287 apud
437 1220 617 1284 Hieronymum·
628 1227 765 1285 supersunt
780 1217 856 1267 baec:

42 1329 46 1338 ·
134 1293 167 1355 Τ.
179 1293 275 1354 Livius
290 1289 502 1367 tragoediarum
515 1289 640 1366 scriptor
653 1286 748 1347 clarus
762 1285 900 1362 habetur,
917 1285 963 1363 qui
977 1283 1014 1344 cb
1027 1285 1068 1343 in·

68 1380 149 1458 genii
167 1378 297 1436 meritum
317 1372 424 1434 alivio
440 1371 621 1448 Salinatore,
638 1372 718 1431 cuius
733 1370 843 1431 liberos
861 1367 1020 1446 erudiebat,
1035 1368 1068 1428 li·
1111 1425 1115 1432 .

70 1464 183 1524 bertate
199 1460 319 1521 donatus
335 1466 379 1517 est
394 1473 424 1518 ct.
441 1464 511 1517 567.
528 1461 596 1517 568.

31 1562 61 1609 aa
133 1545 260 1606 Naevius
282 1543 410 1602 comicus
433 1540 537 1602 Uticae
557 1539 694 1616 moritur,
721 1538 821 1618 pulsus
834 1539 925 1600 Roma
941 1537 1070 1598 factione

68 1630 208 1693 nobilium
222 1646 257 1688 ac
273 1627 430 1706 praecipue
444 1623 627 1686 llctellcrum
643 1641 672 1683 u.
690 1630 860 1684 sal—553.

134 1714 249 1775 Plautus
266 1730 303 1771 ex
316 1709 434 1771 llmbria
455 1709 588 1768 Sarcinas
602 1708 715 1769 Romae
729 1709 862 1778 moritur;
879 1709 927 1786 qui
943 1713 1067 1786 propter

70 1793 201 1859 annonae
225 1795 420 1856 difficultatem
445 1793 481 1852 ad
506 1791 597 1853 molas
623 1793 784 1853 manuarias
808 1793 911 1871 pistori
932 1809 965 1866 se
987 1791 1066 1850 loea-

69 1891 167 1957 verat,
193 1879 233 1939 ibi
256 1879 389 1958 quotiens
410 1877 445 1936 ab
457 1867 552 1956 opere
574 1884 707 1954 vacaret,
739 1875 871 1936 scribere
896 1874 1011 1936 fabulas
1032 1891 1067 1935 ae

32 1990 60 2033 ac
70 1966 200 2026 vendere
215 1962 318 2023 solitus
333 1977 363 2021 a.
380 1968 449 2021 553.
463 1969 532 2021 554.

133 2048 169 2123 Q.
182 2047 290 2108 Ennius
305 2053 391 2123 pocta
403 2042 519 2104 Tarenti
533 2046 674 2114 nascitur;
692 2047 740 2124 qui
752 2063 768 2105 a
780 2043 892 2105 Catone
909 2051 1065 2121 quaestore

68 2135 190 2196 Romam
203 2128 356 2191 translatus
370 2126 509 2188 habitavit
521 2129 550 2186 in
564 2135 662 2189 monte
673 2129 837 2204 Aventino,
854 2145 943 2206 parco
964 2126 1065 2188 admo-

69 2218 136 2278 dum
156 2224 268 2293 sumptu
288 2219 439 2274 contentus
458 2219 487 2270 et
502 2212 585 2272 unius
600 2211 724 2273 ancillae
741 2213 900 2272 ministerio
921 2227 952 2272 a.
968 2219 1068 2272 513-

68 2310 129 2362 515
140 2342 148 2358 .
161 2345 168 2358 .
181 2345 188 2358 .
200 2299 309 2359 Ennius
321 2305 408 2376 poeta
417 2297 600 2374 septuaginta
612 2298 702 2358 maior
714 2297 795 2357 annis
807 2293 952 2356 articulari
964 2295 1066 2355 morbo

29 2406 56 2446 ns
69 2387 161 2464 perit,
183 2382 312 2462 sepultus
331 2381 360 2440 in
377 2380 524 2459 Scipionis
544 2389 726 2442 monumento
746 2382 793 2441 via
807 2379 905 2459 Appia
920 2381 992 2440 intra
1008 2381 1066 2459 pri·

65 2485 143 2529 mum
155 2466 190 2527 ab
201 2465 273 2526 urbe
283 2464 442 2525 miliarium.
469 2463 590 2539 Quidam
605 2483 672 2526 ossa
683 2468 746 2525 eius
756 2464 876 2526 Rudiam
887 2483 925 2524 ex
936 2461 1066 2525 laniculo

65 2550 206 2613 translata
218 2550 358 2610 allirmant
374 2566 403 2609 o.
419 2556 589 2610 586—589.

133 2634 239 2695 Statius
268 2632 414 2695 Caecilius
443 2633 655 2694 comoediarum
679 2634 806 2713 scriptor
822 2634 917 2694 clarus
932 2632 1069 2711 babetur,¹

66 2720 185 2780 natione
202 2713 327 2792 Insuber
342 2716 440 2794 Gallus
463 2725 492 2776 et
505 2716 589 2778 Ennii
605 2720 725 2797 primum
741 2717 968 2778 contubernalis.
997 2715 1064 2791 Qui·

30 2822 56 2862 so
70 2803 136 2864 dam
155 2800 401 2863 Mediolanensem
423 2801 527 2861 lerunt.
557 2801 687 2862 Mortuus
710 2811 754 2862 est
772 2820 845 2863 auno
861 2811 1065 2881 postmortem

66 2887 153 2949 Ennii
168 2895 197 2946 et
210 2887 286 2946 iuxta
301 2883 456 2946 Ianiculum
471 2886 601 2965 sepultus
615 2904 645 2947 a.
661 2895 730 2947 575.

130 2969 271 3031 Pacuvius
297 2968 492 3030 Brundusinus
514 2971 728 3048 tragoediarum
749 2971 876 3050 scriptor
904 2969 1000 3030 clarus
1015 2969 1064 3031 ba·

67 3057 173 3129 betur,
190 3053 273 3114 Ennii
294 3062 401 3132 poetae
423 3072 460 3114 ex
483 3054 542 3115 lilia
564 3071 672 3134 nepos,
693 3054 822 3132 vixitque
839 3053 950 3115 Romae
968 3054 1064 3134 qvuoad

67 3140 207 3218 picturam
230 3139 361 3199 exercuit
381 3156 417 3198 ac
437 3138 551 3198 iabulas
573 3140 744 3213 venditavit,
777 3139 882 3199 deinde
910 3137 1064 3200 Tarentum

32 3238 58 3280 ss
69 3233 268 3300 bansgressus
284 3239 377 3302 prope
393 3224 604 3300 nonagenarius
620 3224 695 3285 diem
710 3221 781 3283 obiit
797 3240 827 3283 a.
844 3232 910 3286 600.
929 3231 995 3286 601.

131 3305 164 3366 Ρ.’
180 3305 332 3367 Terentius
352 3305 605 3385 Karthaginiensis
626 3306 841 3369 comoediarum
854 3309 997 3390 scriptor,
1024 3307 1063 3369 ob

67 3391 212 3466 ingenium
229 3400 258 3450 et
279 3391 399 3452 formam
417 3390 552 3452 libertate
574 3392 712 3469 donatus,
734 3392 763 3452 in
777 3392 905 3454 Arcadia
928 3395 1062 3464 moritur:

69 3473 117 3550 qui
133 3475 249 3552 primam
260 3474 397 3571 lindriam
427 3484 579 3557 antequam
598 3476 740 3538 aedilibus
755 3476 912 3623 vcndsprgp,
932 3475 1063 3539 Caecilio
