2468 3912
454 240 558 289 DIVUS
579 241 705 292 IULIUS.
1038 239 1077 299 35

79 390 196 453 Vestali
220 392 369 455 maximae.
412 394 533 469 Quintus
556 394 672 457 Tubero
695 397 794 478 tradit,
819 400 958 462 heredem
980 403 1016 464 ab
1039 422 1076 466 eo

80 473 172 536 scribi
193 475 308 537 solitum
326 494 365 537 er
384 478 536 539 consulatu
560 480 652 559 ipsius
675 483 768 561 primo
796 502 886 564 usque
911 485 947 545 ad
969 488 1077 550 initium

81 557 178 620 civilis
196 557 266 620 belli
286 557 347 621 GN.
369 560 551 641 Pompeium,
586 563 672 643 idque
697 567 836 628 militibus
863 586 916 648 pro
940 572 1076 632 contione

79 643 242 704 recitatum.
279 643 339 704 Sed
359 647 516 708 novissimo
539 655 711 710 testamento
733 659 793 712 tres
815 653 935 712 instituit
951 652 1075 716 beredes

57 743 215 788 ssororum
231 737 374 807 nepotes,
398 729 497 791 Gaium
516 729 666 792 Octavium
681 751 720 793 er
736 734 892 812 dodrante,
915 744 944 797 et
960 737 1076 800 Lucium

80 811 224 872 Pinarium
241 821 270 872 et
288 813 421 888 Quintum
441 813 560 875 Pedium
582 834 621 875 ex
643 816 800 895 quadrante
820 819 948 900 reliqum
970 822 999 882 in
1020 825 1075 883 insa

82 913 153 956 aera
164 894 261 956 Gaium
278 895 426 958 Octavium
438 900 522 960 etiam
537 901 566 959 in
582 899 717 962 familiam
733 920 895 983 nomenque
913 904 1073 985 adoptavit;

81 978 240 1059 plerosque
258 999 462 1060 percussorum
480 984 508 1043 in
525 983 667 1044 tutoribus
686 984 743 1063 bli,
760 988 785 1047 si
803 988 851 1067 qui
868 986 923 1047 sibi
940 1007 1075 1051 nascere·

82 1073 142 1141 tur,
161 1065 331 1144 nominavit,
353 1065 501 1127 Decimum
517 1066 634 1127 Brutum
652 1070 737 1130 etiam
757 1071 786 1129 iu
804 1069 939 1130 secundis
962 1071 1075 1134 beredi-

45 1147 146 1207 sobns.
174 1146 288 1227 Populo
305 1147 406 1211 bortos
430 1153 507 1212 eirea
532 1150 660 1212 Tiberim
683 1152 817 1232 publice,
837 1162 867 1213 et
890 1155 994 1214 viritim
1018 1165 1074 1217 tre·

82 1249 171 1293 cenos
197 1234 347 1294 sestertios
369 1234 487 1312 legauit.
1095 1265 1116 1282 v
1134 1243 1196 1282 tt*

143 1314 257 1376 Funere
280 1315 387 1378 indicto
415 1337 505 1396 rogus
528 1330 691 1382 exstructus
713 1329 759 1381 est
784 1321 813 1379 in
834 1319 939 1382 Martio
970 1336 1116 1402 eampofla

80 1401 160 1460 iuxta
176 1398 266 1462 Iuliae
282 1401 417 1462 tumulum
434 1410 463 1462 et
482 1419 536 1481 pro
557 1407 662 1466 rostris
685 1412 784 1467 aurata
801 1403 889 1465 aedes
907 1405 943 1466 ad
961 1406 1073 1468 simula·

82 1500 160 1544 crum
185 1482 284 1564 templi
306 1485 430 1546 Veneris
452 1483 614 1549 Genetricis
636 1487 794 1558 collocata;
827 1490 959 1569 intraque
980 1490 1074 1551 lectus

44 1584 68 1626 ts
82 1567 226 1628 eburneus
247 1585 317 1630 auro
339 1587 373 1631 ac
394 1587 521 1651 purpura
547 1580 669 1652 stratus,
702 1581 732 1633 et
756 1571 792 1633 ad
817 1580 902 1651 caput
924 1581 1075 1655 tropaeum
1168 1626 1171 1632 ,

81 1669 146 1712 cum
165 1653 315 1728 veste,·in
338 1670 394 1733 qua
415 1654 510 1716 fuerat
533 1658 660 1718 occisus.
689 1655 922 1718 Praeierentibus
944 1675 1073 1736 munera,

80 1737 148 1815 quia
164 1735 337 1796 suffecturus
355 1736 417 1798 dies
434 1756 492 1799 uon
509 1740 675 1818 videbatur,
697 1750 900 1821 praeceptum,
923 1749 953 1801 ut
966 1743 1073 1803 omisso

79 1817 192 1894 ordine,
203 1817 305 1897 quibus
317 1822 437 1902 quisque
447 1822 538 1885 vellet
548 1824 698 1886 itineribus
710 1824 799 1904 urbis,
811 1833 941 1906 portaret
951 1827 980 1885 in
993 1824 1073 1887 Gam-

77 1919 157 1983 pum.
180 1900 257 1963 inter
268 1902 351 1964 ludos
364 1915 475 1970 cantata
491 1917 556 1970 sunt
568 1908 706 1990 quaedam
716 1908 752 1972 ad
766 1910 977 1971 miserationem
992 1918 1022 1970 et
1032 1912 1073 1970 in·

40 2013 66 2058 to
76 1985 183 2054 notan
197 1986 294 2052 caedis
310 1993 372 2053 eius
390 1994 605 2056 accommodata
617 2013 654 2055 ex
666 1995 773 2056 Pacuvi
789 1994 942 2054 Armorum
956 1993 1072 2056 iudicio:

225 2079 291 2137 Men
306 2095 450 2153 aenaeae,
470 2086 503 2138 ut
519 2089 607 2139 essent
622 2085 673 2154 qui
686 2097 729 2139 ms
743 2083 913 2154 perderent?

79 2170 110 2223 et
127 2180 165 2222 ex
180 2159 299 2222 Electra
314 2160 387 2222 Atili
402 2161 439 2223 ad
462 2160 585 2222 similem
601 2163 781 2222 sententiam.
807 2159 988 2222 Laudationis
1004 2161 1072 2222 loco

81 2244 182 2308 consul
200 2245 344 2306 Antonius
361 2263 415 2325 per
425 2261 603 2324 praeconem
620 2245 812 2327 pronuntiavit
827 2251 943 2304 senatus
959 2244 1072 2305 consul-

80 2339 155 2407 tum,
177 2348 234 2409 quo
260 2331 353 2391 omnia
378 2329 460 2390 simul
480 2330 507 2390 ei
529 2329 625 2390 diuina
647 2338 732 2409 atque
749 2329 869 2388 bumana
891 2326 1073 2406 decreverat,

42 2429 69 2470 rs
80 2417 150 2474 item
168 2412 384 2492 iusiurandum,
401 2429 458 2493 quo
478 2431 511 2474 se
528 2415 623 2475 cuncti
647 2430 701 2493 pro
723 2413 815 2474 sainte
833 2413 916 2471 unius
932 2414 1072 2474 astrinxe-

80 2506 158 2567 rant:
173 2495 276 2577 quibus
292 2515 439 2578 perpauca
453 2515 471 2558 a
484 2515 519 2558 se
531 2498 623 2559 rerba
636 2496 753 2559 addidit.
771 2496 888 2557 beetum
902 2513 956 2575 pro
970 2497 1073 2559 rostris

81 2583 111 2641 in
131 2579 225 2642 lorum
241 2583 426 2659 magistratus
446 2590 475 2641 et
496 2579 655 2643 bonoribus
674 2581 764 2642 iuncti
780 2579 951 2641 detulerunt.
983 2583 1073 2658 Quem

82 2681 146 2726 cum
168 2683 237 2745 pars
260 2666 290 2725 in
313 2663 469 2745 Capitolini
493 2663 572 2726 lovis
596 2667 670 2728 cella
696 2682 824 2726 cremare
847 2682 915 2744 pars
936 2664 965 2724 in
996 2666 1074 2726 curia

81 2749 200 2829 Pompei
227 2747 400 2827 destinaret,
428 2759 551 2828 repente
573 2749 629 2810 duo
652 2748 780 2829 quidam,
804 2747 909 2828 gladiis
934 2747 1073 2808 succincti

45 2851 116 2902 eoae
140 2832 206 2894 bina
231 2833 325 2894 iacula
351 2841 517 2911 gestantes,
546 2833 712 2895 ardentibus
733 2835 827 2895 cereis
853 2831 1073 2906 succenderunt,

82 2916 292 2997 confestimque
328 2917 567 2978 circumstantium
593 2917 675 2980 turba
697 2917 824 2996 virgulta
848 2914 927 2977 arida
953 2923 982 2975 et
1010 2930 1074 2974 curn

82 2999 228 3061 subselliis
248 3001 415 3079 tribunalia,
440 3001 575 3082 quicquid
596 3010 748 3081 praeterea
774 2999 810 3061 ad
830 2999 934 3060 donum
964 2997 1072 3075 aderat,

14 3139 19 3162 ‚
83 3085 241 3162 congessit.
260 3084 372 3146 lleiude
389 3084 524 3145 tibicines
539 3094 568 3146 et
579 3086 688 3146 scenici
704 3084 831 3147 artifices
845 3091 966 3160 vestem,
990 3098 1074 3162 quam

82 3187 120 3228 ex
131 3168 338 3248 triumphorum
352 3171 539 3230 instrumento
555 3168 591 3231 ad
607 3178 790 3248 praesentem
809 3183 891 3228 nsum
912 3166 1072 3244 induerant,

47 3251 239 3314 ssdetractam
253 3252 308 3313 sibi
327 3261 412 3334 atque
428 3252 578 3315 discissam
598 3255 727 3314 iniecere
750 3251 895 3327 dammae,
920 3260 948 3312 et
962 3259 1072 3311 vetera·

81 3352 181 3396 norum
201 3336 320 3398 militum
344 3337 498 3415 legionarii
525 3356 604 3398 arma
628 3354 694 3415 sua,
730 3335 832 3416 quibus
858 3333 965 3395 exculti
989 3333 1073 3395 funus

84 3420 283 3493 celebrabant;
301 3429 448 3483 matronae
465 3421 550 3482 etiam
564 3422 722 3502 pleraeque
739 3426 981 3497 ornamenta-sua,
1000 3435 1073 3500 quae

15 3531 20 3546 ·
82 3503 236 3584 gerebant,
255 3515 284 3567 et
301 3505 458 3567 liberorum
472 3503 565 3567 bullas
581 3514 666 3586 atque
681 3514 871 3650 praesentep*
