2434 3908
188 180 299 228 XXXVI
530 177 737 226 PRAEFATIO.

188 341 336 414 utqui-
361 338 492 412 uulgaret
507 369 550 380 -
576 344 603 396 et
624 339 804 395 descenderit·
849 338 898 396 Sic
925 335 999 395 enim
1019 336 1098 397 libri.

156 423 158 426 ’
190 426 268 494 Quae
289 423 414 496 exempla
432 440 466 480 eo
482 423 614 480 libentius
631 424 781 496 congessi,
802 423 876 495 quod
899 421 1032 481 nonnulla
1052 428 1100 478 te-

190 525 266 566 mere
287 508 316 563 in
339 509 392 564 hac
407 523 518 580 quoque
540 507 665 565 editione
687 509 722 565 ad
742 509 867 580 regulam
885 507 954 564 artie
968 511 1100 566 correcta

190 598 262 650 sunt.

48 681 164 732 cruens
251 678 282 733 ln
305 675 532 750 orthographicis
549 678 632 734 rebus
655 695 709 734 non
725 678 868 748 vulgarem
891 677 1028 734 rationem
1045 675 1098 733 olt-

71 731 142 787 phica-

190 761 314 832 servari,
329 767 359 816 ut
372 768 477 836 certum
492 761 612 833 aliquem
625 762 767 819 scrihcudi
779 761 888 818 modum
900 761 946 818 vel
960 758 1099 818 vetustio-

190 863 249 903 rem
266 847 312 903 vel
327 846 514 902 recentiorem
535 847 675 902 mordicus
691 847 842 903 retinerem
862 851 891 901 at
910 844 1098 916 ludimagistri

190 931 279 988 instar
293 947 344 1003 per
358 935 443 988 totam
458 929 608 987 editionem
629 929 798 986 incnlcarcm
815 926 885 1004 (hoc
906 928 978 986 anim
998 929 1099 999 legeu-

191 1015 266 1074 tihus
283 1014 494 1086 relinquendum
511 1016 599 1084 duco,
621 1015 668 1086 qni
683 1014 816 1086 quidquid
833 1014 932 1070 oculos
947 1012 1099 1070 offenderit

191 1100 339 1157 emendare
354 1098 466 1156 scilicet
481 1093 626 1174 poterunt)
640 1099 691 1154 scd
704 1099 808 1170 ubique
824 1098 959 1156 librorum
972 1096 1098 1154 auctori·
1190 1115 1193 1124 λ

191 1184 241 1242 tali
263 1186 414 1241 obsecutus
436 1199 506 1240 sum.
551 1181 658 1250 Quodsi
680 1183 778 1253 negari
798 1199 853 1240 non
875 1189 987 1256 potest,
1015 1197 1097 1238 unum

191 1271 362 1340 eundemque
377 1268 544 1342 scriptorem
558 1269 631 1324 intra
647 1266 728 1323 nnius
742 1267 865 1340 paginae
882 1267 1000 1340 spatium
1016 1266 1098 1322 deum
1205 1299 1206 1302 =

191 1359 219 1410 et
236 1355 366 1424 deorum,
384 1354 552 1426 vectigalium
572 1358 601 1409 et
620 1351 840 1424 uectigaliorum,
859 1351 956 1424 quihus
976 1357 1005 1407 et
1026 1353 1098 1423 quae,

190 1438 273 1494 eadm
298 1443 327 1495 et
347 1438 441 1507 eadm,
461 1442 517 1492 tres
538 1442 566 1494 et
584 1439 650 1507 tris,
673 1441 763 1494 cetere
783 1442 811 1492 et
832 1437 927 1506 celem,
947 1435 1049 1492 deutra
1070 1441 1100 1491 et

190 1522 317 1593 deutera,
323 1521 482 1577 adolescere
496 1527 524 1577 et
530 1521 715 1578 adulescentes
730 1528 758 1578 et
768 1522 851 1578 malta
867 1519 969 1578 similia
982 1519 1099 1578 adidem

190 1605 347 1678 exemplum
370 1605 538 1678 scripsisse,
560 1605 657 1676 quidni
680 1609 779 1662 noctus
794 1621 907 1677 quoque
927 1609 956 1660 ct
968 1609 1099 1675 mnsam,

189 1689 240 1746 aad
254 1695 351 1759 staec,
369 1690 482 1761 conlega
499 1696 527 1745 et
541 1690 696 1761 collegium,
715 1688 834 1762 adferre
852 1695 881 1745 et
896 1690 1007 1759 allatus,
1025 1703 1099 1744 com·

185 1775 292 1846 poroci
304 1780 332 1828 et
347 1777 553 1844 conponantur,
569 1775 682 1830 colonias
699 1780 728 1830 ct
742 1775 860 1844 colonas,
881 1773 944 1828 ohia't
958 1779 987 1829 et
1001 1772 1055 1828 chit
1070 1779 1100 1828 et

191 1856 403 1915 innumerabilia
419 1857 448 1914 id
464 1874 552 1929 genus
570 1858 626 1915 alia
643 1858 717 1915 idem
734 1858 857 1930 scriptor
875 1857 1035 1927 admiserit,
1051 1856 1097 1913 vel

191 1941 306 2000 auribus
326 1941 372 1998 vel
393 1941 499 1998 iudicio
515 1943 560 2000 vel
584 1943 661 2000 casui
679 1934 897 2015 obtemperans?
921 1941 986 1998 Naro
1002 1942 1096 1998 admo·
1204 1921 1205 1948 ³

191 2028 254 2084 dnm
271 2043 360 2100 pauca
375 2025 404 2082 in
417 2027 461 2084 his
477 2028 561 2084 rebus
578 2027 681 2084 scimus
696 2033 726 2083 et
739 2027 819 2099 plura
835 2027 964 2083 discendi
979 2025 1098 2082 incultus

190 2111 293 2171 tamdiu
309 2113 436 2185 adempta
452 2111 516 2183 erit,
534 2112 663 2184 quamdiu
680 2116 885 2182 consequentes
903 2127 984 2181 esse,
1001 2115 1032 2166 ut
1045 2110 1099 2166 hc·

191 2197 290 2254 dierno
306 2198 395 2254 verho
410 2204 488 2266 utar,
504 2197 533 2253 id
548 2204 592 2254 est
607 2196 757 2270 opiniones
773 2201 802 2250 ct
818 2193 992 2268 praeiudicia
1006 2193 1099 2266 sequi,

192 2297 272 2353 quam
297 2286 461 2338 vetustatem
491 2282 642 2354 explorare
669 2279 811 2336 malumus.
854 2278 1005 2351 Numquam
1032 2293 1100 2351 per-

193 2371 290 2437 specta
308 2370 385 2421 esset
405 2363 521 2421 Notheri
544 2373 572 2421 et
590 2364 813 2436 sangallensium
834 2361 884 2422 illa
905 2364 1022 2435 regula,
1045 2377 1099 2434 qus

192 2447 276 2506 modo
286 2448 407 2504 munder
418 2448 515 2504 daliter
522 2455 576 2521 pot,
587 2450 669 2506 modo
679 2449 807 2521 prouder
817 2447 904 2505 tatur
916 2453 961 2503 cot
973 2446 1101 2520 scripse-
1204 2491 1205 2512 ,

192 2538 266 2602 runt,
281 2531 336 2588 nisi
350 2548 453 2589 summa
469 2547 530 2589 cnm
546 2533 599 2590 lide
613 2548 709 2590 eornm
722 2532 828 2605 scripta
843 2547 979 2606 expressa
991 2536 1099 2588 essent.

192 2616 242 2673 ttst
266 2616 353 2687 igitur
372 2617 553 2674 vehementer
574 2618 738 2691 optandam,
765 2622 794 2672 at
819 2617 928 2674 tandem
948 2614 1100 2687 aliqnando

191 2700 303 2774 puerile
322 2700 391 2756 illud
410 2701 627 2772 consequentiae
648 2700 768 2758 stadium
789 2700 885 2758 valere
902 2701 1047 2758 iubeamus
1070 2704 1102 2754 ct

192 2786 243 2842 hee
265 2800 376 2857 quoque
398 2784 528 2842 minutias
552 2787 587 2842 ad
608 2784 697 2842 lihros
724 2784 879 2856 exigamus.
922 2783 1100 2840 Fidissimum
1203 2817 1204 2836 r

192 2868 291 2928 ducem
309 2870 441 2927 hahemus
456 2869 484 2926 in
496 2869 633 2926 Suetonio
649 2865 837 2927 Memmianum
854 2867 998 2940 codicem,
1017 2866 1100 2924 cuius

193 2953 412 3027 orthographica
423 2955 596 3011 consuetudo
612 2955 648 3011 ad
659 2954 748 3012 lihros
759 2954 957 3027 palimpsestos
969 2951 1100 3025 proxime

194 3039 317 3103 accedit:
338 3054 400 3094 eum
414 3037 501 3109 igitur
517 3037 633 3108 ducem,
654 3038 820 3112 ubicumque
834 3036 895 3096 lieri
908 3031 1039 3113 posse”)
1053 3035 1100 3094 vi-

194 3149 394 3163 —u———n

261 3199 307 3264 25)
327 3197 405 3266 Sequi
421 3200 492 3252 uolui
512 3203 538 3253 ln
552 3210 639 3270 aperte
654 3201 728 3256 lslsla
742 3209 770 3255 ut
786 3206 929 3266 maiia,
949 3201 1019 3268 quod
1037 3200 1100 3252 Nie-

193 3265 259 3319 buhr
274 3268 404 3335 probavit,
422 3271 519 3321 nummi
533 3272 682 3338 lapidesque
699 3272 827 3324 dammam.
863 3271 1004 3324 Admittere
1017 3284 1100 3322 susus

193 3349 245 3386 non
267 3350 337 3397 eum,
358 3337 466 3391 tortam
484 3340 591 3403 iniuria,
605 3339 785 3392 ammiates
800 3339 927 3393 Hrioraaaa
943 3339 1060 3390 Hrodaru
1073 3348 1102 3389 es

193 3405 322 3462 dirodina,-
340 3406 377 3456 elo
397 3408 465 3459 euim
483 3409 510 3460 ln
529 3409 681 3460 Memmiano
698 3409 805 3474 allisque
826 3411 897 3462 libris
917 3409 1040 3476 scriptum
1057 3423 1101 3460 re-

194 3473 273 3540 perio,
288 3472 332 3538 qni
349 3473 425 3526 lidan
437 3479 559 3531 rhetorem
572 3477 681 3529 ΙίΙιεπιαη
695 3477 840 3530 Rhodanum
853 3481 929 3540 solito
940 3493 1011 3530 more
1023 3491 1100 3542 pree·
1202 3511 1203 3524 r

917 3597 923 3610 ·
1039 3585 1045 3624 f
1068 3599 1104 3628 ιι.
