2450 3910
1201 69 1202 102 l

111 296 172 360 236
189 307 685 368 c.sunnora1nasne.unvrra
703 308 886 356 ennssnun
903 310 972 358 ιιι.
985 310 1049 358 vnn

1201 533 1202 586 l

1201 603 1202 636 l

449 643 767 700 ultusultus.

80 825 95 878 1
175 797 265 876 Titus,
284 801 458 877 cognomine
476 809 613 880 paterno,
636 818 716 860 amor
731 817 767 860 ac
782 799 906 860 deliciae
922 800 1040 876 generis
1054 799 1107 862 bu·

111 885 197 960 mani,
216 884 340 963 (tanturn
356 884 396 944 illi
416 884 451 945 ad
472 883 692 964 promerendam
714 887 839 944 omnium
859 882 1033 944 voluntatem
1058 885 1110 946 rel

111 969 219 1046 ingenii
235 968 283 1028 vel
298 968 367 1028 artis
380 969 427 1029 vel
439 969 575 1029 fortunae
590 969 741 1047 superfuit,
759 978 798 1044 et,
819 967 896 1048 quod
909 967 1108 1029 difficillimum

112 1062 166 1130 est,
184 1053 211 1110 in
227 1052 364 1131 imperio;
381 1053 496 1131 qnando
513 1053 643 1133 privatus
658 1061 744 1130 atque
762 1053 847 1112 etiam
864 1051 916 1112 sub
933 1060 1016 1131 patre
1028 1053 1106 1130 prin·
1201 1103 1202 1116 ,

113 1137 177 1216 cipe
192 1154 229 1196 ne
244 1136 311 1196 odio
325 1137 451 1216 quidem,
468 1137 571 1197 nedum
585 1137 800 1215 uituperatione
818 1135 935 1216 publica
951 1135 1057 1214 caruit)
1117 1164 1134 1204 5

67 1229 97 1295 fs
173 1219 263 1281 Natus
280 1229 325 1280 est
338 1220 388 1281 lll.
404 1221 441 1282 lll
467 1220 527 1282 lan.
551 1221 657 1299 insigni
680 1237 753 1280 anno
770 1220 877 1281 Gaiana
898 1238 987 1296 nece,
1010 1237 1104 1299 prope

70 1308 83 1333 ¹·
112 1306 324 1384 Septizonium,
349 1305 472 1365 sordidis
488 1304 625 1382 aedibus,
652 1304 787 1365 cubiculo
809 1324 828 1363 v
846 1321 879 1364 ro
907 1321 1052 1382 perparvo
1075 1313 1106 1364 et

113 1389 255 1459 obscuro;
275 1391 356 1470 (narn
370 1398 466 1449 manet
481 1389 574 1450 adhuc
590 1399 619 1448 et
632 1323 968 1532 ostenditurfieducatus
989 1389 1018 1448 in
1040 1389 1105 1449 aula

23 1535 25 1542 .
113 1492 175 1534 cum
188 1473 353 1535 Britannico
370 1473 462 1550 simul,
478 1491 513 1534 ac
530 1473 646 1551 paribus
665 1473 824 1553 discipline
846 1481 876 1532 et
891 1472 968 1550 apud
985 1471 1103 1532 eosdem

110 1559 264 1635 magistros
279 1559 432 1617 institutus.
465 1557 529 1632 Quo
547 1557 659 1636 quidem
674 1567 805 1638 tempore
821 1559 898 1617 aiunt
917 1564 1102 1635 metoposeo·
1114 1574 1142 1616 ιι

110 1659 187 1722 pum,
204 1637 372 1702 aNaraisso
389 1640 490 1701 Claudi
503 1640 608 1702 liberto
624 1641 797 1718 adhibitum,
812 1650 841 1702 ut
855 1639 1047 1700 Britannicum
1063 1642 1102 1701 in·

111 1727 254 1804 spiceret,
273 1725 502 1786 constantissime
515 1725 684 1800 affirmasse,
699 1724 777 1785 illurn
789 1724 903 1804 quidem
913 1725 992 1785 nullo
1004 1725 1102 1806 modo,

112 1818 239 1870 ceterum
255 1807 355 1884 Titum,
372 1811 420 1888 qui
435 1818 503 1868 tunc
517 1827 611 1889 prope
626 1808 753 1886 astabat,
775 1810 873 1888 utique
888 1810 1102 1886 imperaturum.

111 1893 201 1954 Erant
216 1901 309 1952 autern
326 1894 399 1954 adeo
415 1892 582 1970 familiares,
596 1903 626 1953 ut
642 1893 677 1953 de
692 1897 830 1972 potione,
852 1911 908 1972 qua
923 1892 1102 1954 Britanniam

111 1977 211 2037 hausta
226 1977 324 2056 periit,
342 1977 422 2037 'litus
445 1995 561 2056 quoque
585 1980 676 2037 iuxta·
688 1977 797 2038 cubans
813 1987 948 2055 gustasse
970 1977 1103 2038 credatur
1114 1999 1141 2043 rs

111 2063 251 2140 gravique
266 2062 368 2122 morbo
387 2062 547 2122 adflictatus
565 2062 622 2122 diu.
665 2062 792 2137 Quorum
814 2063 936 2122 omnium
956 2079 1025 2122 mox
1044 2079 1101 2122 me-

110 2162 182 2223 rnor,
198 2155 318 2206 statuam
333 2149 360 2207 ei
373 2165 490 2207 auream
502 2148 531 2206 in
542 2147 652 2207 Palatio
667 2148 776 2226 posuit,
792 2156 821 2207 et
834 2146 951 2206 alteram
963 2164 1001 2206 ex
1012 2145 1102 2207 ebore

112 2239 285 2308 equestrem,
305 2250 378 2310 quae
393 2229 525 2292 circensi
540 2248 647 2311 pompa
663 2230 809 2310 hodieque
827 2230 1006 2310 praefertur,
1024 2230 1101 2290 dedi·

81 2316 188 2376 teavit
202 2325 432 2394 prosecutusque
449 2323 504 2375 est.
542 2315 575 2375 ln
591 2333 681 2395 puero
697 2317 790 2375 statim
805 2316 940 2395 corporis
961 2316 1102 2393 animique

112 2397 196 2457 dotes
214 2399 453 2476 explenduernnt,
469 2401 618 2478 magisque
636 2418 670 2460 ac
684 2401 775 2477 magis
791 2399 930 2477 deinceps
951 2417 1005 2478 per
1026 2407 1101 2460 aeta·
1112 2424 1141 2465 se
1201 2437 1202 2440 =

112 2483 147 2542 tis
164 2480 285 2558 gradus:
301 2482 393 2543 forma
410 2484 531 2561 egregia
548 2492 576 2543 et
592 2484 636 2543 cui
652 2501 710 2543 non
724 2485 815 2542 minus
832 2484 1009 2543 auctoritatis
1026 2485 1101 2542 ines·

113 2573 159 2624 set
176 2581 260 2642 quarn
275 2568 402 2643 gratiae,
419 2569 604 2645 praecipuum
618 2567 723 2644 robur,
743 2585 911 2645 quamquam
925 2585 1020 2646 neque
1035 2583 1102 2647 pro-

113 2666 181 2709 cera
196 2657 303 2710 statura
319 2659 348 2710 et
359 2660 461 2711 ventre
479 2651 564 2730 paulo
580 2653 772 2731 proiectiore;
788 2653 925 2711 memoria
936 2651 1102 2729 singularis,

113 2733 246 2794 docilitas
261 2734 401 2795 adomnia
417 2735 481 2795 fere
497 2744 554 2794 tum
569 2736 639 2796 belli
655 2745 713 2795 tum
727 2737 808 2816 pacis
829 2745 916 2796 artes.
949 2735 1103 2796 Armorum

112 2828 141 2879 et
164 2818 308 2899 equitandi
332 2820 536 2899 peritissimus,
556 2820 655 2881 Latine
672 2821 859 2899 Graeceque,
882 2820 928 2880 vel
945 2822 973 2879 in
991 2819 1141 2880 arandara

111 2903 159 2963 vel
176 2905 204 2963 in
219 2905 360 2982 fingendis
397 2904 566 2982 oematibus,
585 2913 736 2985 promptus
752 2913 781 2963 et
794 2893 939 2978 facilislad
952 2913 1101 2984 extempo-

106 2987 254 3048 ralitatem
271 3007 377 3069 usque;
397 2988 449 3050 sed
465 3007 501 3048 ne
516 2992 642 3050 musicae
660 2988 774 3067 quidem
788 2988 882 3064 rudis,
897 2999 928 3049 ut
943 2990 990 3068 qui
1007 2997 1102 3050 canta-

112 3081 158 3132 ret
172 3082 202 3132 et
217 3073 358 3153 psalleret
378 3073 500 3135 iucunde
522 3074 716 3154 scienterque.
760 3071 786 3132 E
808 3071 938 3152 pluribus
961 3074 1102 3151 comperi,

112 3159 187 3216 notis
206 3175 322 3236 quoque
339 3160 478 3239 excipere
494 3159 680 3218 velocissime
696 3156 827 3233 solitum,
846 3175 909 3217 cum
924 3156 1101 3218 amanuensi·

112 3239 166 3299 bns
181 3241 238 3299 suis
261 3260 315 3320 per
337 3243 437 3304 ludurn
453 3245 605 3322 iocumque
627 3249 801 3318 certantem,
825 3243 985 3321 imitarique
1008 3241 1138 3306 chiro-aa

113 3323 224 3399 grapha
241 3343 437 3407 quaecumque
452 3326 584 3402 vidisset,
601 3345 635 3386 ac
651 3343 740 3404 saepe
763 3327 909 3405 profiteri,
933 3325 1100 3386 maximum
1164 3331 1169 3340 “

31 3417 34 3424 ·
110 3404 279 3484 falsarium
294 3427 362 3471 esse
374 3410 522 3488 potuisse.

83 3499 98 3552 l
174 3486 316 3551 Tribunus
330 3495 447 3554 militurn
473 3503 501 3554 et
522 3496 550 3553 in
567 3494 717 3555 Germania
743 3503 771 3553 et
793 3495 820 3552 in
834 3491 978 3554 Britannia
998 3492 1103 3552 meruit

113 3587 220 3632 summa
235 3571 399 3654 industriae,
417 3595 473 3636 nec
488 3579 599 3636 minore
610 3577 770 3637 modestiae
784 3576 869 3656 fanra,
888 3579 962 3638 sicut
979 3584 1103 3658 apparet
1201 3627 1202 3632 ,
