2468 3912
459 273 562 321 nruns
585 273 710 322 tonnus.
1046 260 1084 320 21

4 445 6 460 ¹
90 433 180 496 adhuc
194 439 222 491 et
237 429 418 498 obaeratum;
437 429 466 488 in
489 428 722 509 expeditionibus
749 429 899 491 tessellata
922 436 951 490 et
974 428 1087 490 sectilia

90 518 250 598 pavimenta
276 513 498 584 circumtulissc;
525 514 698 574 Britanniam
720 514 831 593 petisse
863 532 916 594 spe
946 512 1129 590 mengeri-il

22 647 29 664 t
90 613 194 678 tarum,
226 615 344 677 quarum
380 597 592 676 amplitudinem
627 598 826 659 conterentem
864 595 1005 659 interdum
1037 615 1088 658 sua

4 669 18 694 ⁶
90 704 172 747 manu
188 684 324 760 exegisse
341 681 467 762 pondus;
491 700 634 760 gemmas,
655 690 829 760 toreumata,
853 684 956 761 signa,
977 679 1089 741 tabulas

69 770 188 850 nuperis
214 767 319 846 antiqui
349 784 465 846 semper
496 767 703 826 animosissime
737 783 940 846 comparasse;
971 765 1091 825 servitia

89 856 215 915 rectiora
231 851 424 930 politioraque
446 852 577 912 inmenso
600 851 712 930 pretio,
736 859 764 909 et
789 851 868 910 cuius
893 852 985 930 ipsum
1003 851 1089 911 etiam

91 937 228 1018 puderet,
251 936 294 994 sic
312 942 341 994 ut
362 934 519 995 rationibus
540 943 654 995 vetaret
676 935 792 1004 inferri;
819 936 1001 995 convivatum
1017 935 1131 997 assi-48

16 1020 20 1030 '
91 1023 145 1083 due
162 1038 215 1100 per
237 1019 403 1099 provincias
425 1017 537 1080 duobus
553 1019 704 1096 tricliniis,
726 1035 783 1078 unu
803 1035 859 1099 quo
877 1020 970 1096 sagati
991 1018 1089 1097 pallia·

4 1089 13 1114 '
91 1109 165 1182 tive,
188 1104 280 1164 altero
298 1121 354 1183 qno
370 1105 460 1180 togati
477 1121 540 1164 curn
559 1102 772 1164 inlustrioribus
797 1103 1012 1182 provinciarum
1034 1101 1089 1162 dis-

59 1199 82 1242 t⁰
94 1189 268 1254 cumberent.
304 1187 497 1248 Domestieam
517 1187 696 1267 disciplinam
716 1187 745 1246 in
767 1188 864 1264 parvis
885 1205 920 1248 ac
934 1185 1089 1246 maioribus

92 1273 177 1336 rebus
201 1273 355 1350 diligenter
375 1271 448 1332 adeo
469 1283 631 1351 'severeque
653 1272 745 1347 rexit,
773 1279 803 1330 ut
819 1272 976 1350 pistorem,
1006 1269 1089 1330 alium

92 1376 174 1439 qnam
196 1357 252 1418 sibi
273 1374 376 1436 panem
398 1357 528 1415 convivis
550 1356 754 1432 subicientem,
777 1352 965 1435 compedibus
989 1356 1089 1414 vinxe-

11 1507 20 1523 ‚
91 1444 142 1512 rit;
175 1441 310 1502 libertum
335 1441 527 1518 gratissimum
557 1440 594 1500 ob
622 1439 809 1501 adulteratam
836 1437 941 1519 equitis
968 1438 1090 1500 Romani

91 1543 228 1602 uxorem,
251 1525 379 1603 quamvis
395 1524 473 1584 nullo
492 1534 649 1604 querente,
670 1523 788 1602 capitali
805 1542 900 1603 poena
918 1523 1067 1584 adiecerit.

61 1627 85 1670 ts
158 1609 315 1670 Pudicitiae
337 1609 398 1668 eius
419 1608 522 1669 lamam
545 1608 613 1669 nihil
639 1608 752 1689 quidem
778 1618 895 1688 praeter
920 1607 1087 1668 Nicomedis
1097 1609 1129 1666 li

94 1692 310 1757 contubernium
330 1692 429 1770 laesit,
458 1693 542 1770 grari
562 1702 656 1754 tamen
681 1701 710 1752 et
734 1694 862 1772 perenni
878 1692 1037 1772 obprobrio
1061 1701 1090 1751 et

6 1841 11 1853 ,
93 1778 129 1840 ad
152 1777 273 1838 omniurn
296 1777 419 1837 convitia
443 1777 588 1856 exposito.
633 1776 737 1838 Omitto
763 1774 845 1836 Calvi
867 1776 959 1837 Licini
976 1777 1089 1836 notissi-

92 1879 156 1922 mos
170 1877 290 1920 versus·

210 1949 211 1954 ’
694 1949 824 2021 Bithynia
835 1950 966 2022 quicquid

56 2040 84 2081 2⁰
221 2031 257 2087 Et
265 2031 427 2103 poedicutor
442 2031 570 2088 Caesaris
590 2048 719 2103 umquam
732 2032 832 2088 babuit.

94 2113 251 2174 Praetereo
281 2112 411 2171 actiones
431 2109 604 2170 Dolabellae
625 2121 654 2170 et
684 2109 816 2171 Curionis
847 2113 952 2190 patris,
982 2112 1010 2170 in
1031 2111 1091 2191 qui·

94 2197 147 2256 bus
174 2213 238 2254 eum
262 2193 415 2255 Dolabella
437 2193 564 2272 pelicem
579 2195 722 2274 reginae,
751 2194 902 2273 spondam
915 2194 1092 2257 interiorem

4 2307 8 2318 =
94 2279 357 2359 regiuelectt'cue,
383 2296 418 2338 ac
445 2276 531 2339 Curio
557 2278 711 2340 stabulum
733 2276 909 2341 Nicomedis
932 2286 961 2340 et
985 2277 1090 2359 Btttp-
1124 2307 1128 2317 =

93 2363 196 2426 uicum
223 2361 373 2441 fornicem
398 2361 503 2423 dicunt.
546 2363 634 2424 blissa
662 2365 746 2424 etiarn
770 2364 845 2424 iacio
873 2363 966 2424 edicta
985 2363 1089 2442 Bibuli,

56 2463 84 2504 2⁵
94 2446 197 2527 quibus
219 2448 392 2527 proscripsit
410 2446 558 2526 collegam
571 2465 659 2508 satum
674 2447 867 2527 Bithynicum
881 2449 1030 2528 ceptrum,
1048 2449 1088 2509 ei·

95 2547 153 2610 que
174 2536 266 2591 autea
285 2549 387 2610 regem
405 2529 505 2610 [subse
527 2532 633 2608 cordi,
660 2551 740 2594 uuuc
762 2551 830 2594 esse
851 2551 987 2612 reguum.
1026 2534 1090 2609 Quo

94 2622 241 2694 tempore,
276 2624 306 2676 ut
322 2615 436 2676 blancus
451 2615 554 2676 Brutus
572 2616 678 2694 refert,
701 2617 837 2678 Octavius
860 2617 945 2679 etiarn
967 2618 1090 2697 quidam,

95 2697 250 2759 valitudine
280 2700 382 2760 urentis
408 2699 527 2760 liberius
558 2700 659 2777 dicax,
691 2711 836 2762 conventu
862 2703 1004 2778 maximo,
1028 2717 1091 2761 cunr

93 2782 262 2860 Pompeium
295 2801 397 2861 regem
433 2783 626 2862 appellasset,
668 2785 761 2864 ipsum
789 2787 918 2864 reginam
948 2785 1090 2845 salutavit.

58 2878 85 2920 ³⁰
96 2866 157 2926 Sed
180 2864 213 2926 0.
228 2866 376 2927 blemmius
395 2867 532 2932 etiamad
554 2868 685 2944 cyathum
707 2879 736 2929 et
751 2871 847 2929 vinum
863 2868 1013 2930 Nicomedi
1033 2876 1090 2927 ste·

94 2951 167 3009 tisse
187 2948 292 3028 obicit,
322 2971 385 3023 curn
405 2952 524 3030 reliquis
548 2953 689 3030 exoletis,
719 2953 806 3033 pleno
832 2953 984 3033 convivio,
1007 2969 1090 3012 accu-

93 3032 228 3094 bantibus
258 3036 400 3107 nonnullis
428 3035 537 3095 urbicis
566 3037 812 3114 negotiatoribus,
849 3054 968 3117 qnorum
1000 3037 1092 3096 refert

17 3126 22 3142 ·
93 3117 219 3178 nomina.
259 3117 363 3180 Cicero
380 3137 451 3180 vero
475 3136 532 3180 non
550 3129 700 3181 contentus
721 3120 749 3180 in
772 3120 939 3200 quibusdam
959 3121 1091 3200 epistulis

94 3201 265 3280 scripsisse,
286 3222 303 3264 a
322 3203 493 3264 satellitibus
517 3221 581 3264 eum
601 3205 629 3264 in
652 3203 812 3266 cubiculum
830 3205 942 3282 regium
960 3204 1092 3266 eductum

55 3283 125 3344 asin
148 3303 236 3346 aureo
253 3286 332 3347 lecto
351 3297 433 3347 veste
457 3306 602 3366 purpurea
623 3287 814 3366 decubuisse,
836 3288 995 3368 floremque
1016 3299 1091 3350 aeta·

93 3367 133 3426 tis
155 3371 304 3430 aVenere
319 3373 373 3430 orti
393 3371 421 3430 in
435 3371 565 3447 Bithynia
590 3374 824 3449 contaminatum,
846 3373 988 3453 quondam
1008 3376 1092 3435 etiam

92 3450 124 3510 in
147 3462 249 3513 senatu
271 3452 436 3516 defendenti
464 3456 490 3516 ci
517 3454 614 3532 Nysae
646 3475 777 3536 causam,
809 3458 886 3519 iiliae
914 3458 1092 3535 Nicomedis,

4 3529 20 3562 ‘⁴
92 3534 297 3618 beneficiaque
327 3540 407 3617 regis
437 3541 465 3599 in
495 3559 527 3600 se
560 3543 792 3604 commemoranti
815 3543 965 3622 Remove,
992 3543 1092 3622 inquit,
