<?xml version="1.0" encoding="UTF-8"?>
<!DOCTYPE html PUBLIC "-//W3C//DTD XHTML 1.0 Transitional//EN"
    "http://www.w3.org/TR/xhtml1/DTD/xhtml1-transitional.dtd">
<html xmlns="http://www.w3.org/1999/xhtml" xml:lang="en" lang="en">
 <head>
  <title>
</title>
<meta http-equiv="Content-Type" content="text/html;charset=utf-8" />
  <meta name='ocr-system' content='tesseract 3.04.00' />
  <meta name='ocr-capabilities' content='ocr_page ocr_carea ocr_par ocr_line ocrx_word'/>
</head>
<body>
  <div class='ocr_page' id='page_1' title='image "./csuetonitranqui00suetgoog_0260.png"; bbox 0 0 2466 3896; ppageno 0'>
   <div class='ocr_carea' id='block_1_1' title="bbox 166 63 966 210">
    <p class='ocr_par' dir='ltr' id='par_1_1' title="bbox 166 63 966 210">
     <span class='ocr_line' id='line_1_1' title="bbox 166 63 966 210; baseline -0.003 -58"><span class='ocrx_word' id='word_1_1' title='bbox 166 92 255 196; x_wconf 72' lang='lat' dir='ltr'><strong>m,</strong></span> <span class='ocrx_word' id='word_1_2' title='bbox 273 76 597 210; x_wconf 44' lang='lat' dir='ltr'><strong>uuupQu</strong></span> <span class='ocrx_word' id='word_1_3' title='bbox 615 73 769 202; x_wconf 50' lang='lat' dir='ltr'><strong>ussup</strong></span> <span class='ocrx_word' id='word_1_4' title='bbox 792 63 966 178; x_wconf 51' lang='lat' dir='ltr'><strong>endu„</strong></span> 
     </span>
    </p>
   </div>
   <div class='ocr_carea' id='block_1_2' title="bbox 429 237 1140 302">
    <p class='ocr_par' dir='ltr' id='par_1_2' title="bbox 429 237 1140 302">
     <span class='ocr_line' id='line_1_2' title="bbox 429 237 1140 302; baseline -0.003 0"><span class='ocrx_word' id='word_1_5' title='bbox 429 253 534 302; x_wconf 81' lang='lat' dir='ltr'><strong>ouvus</strong></span> <span class='ocrx_word' id='word_1_6' title='bbox 555 253 738 302; x_wconf 73' lang='lat' dir='ltr'><strong>susumus.</strong></span> <span class='ocrx_word' id='word_1_7' title='bbox 1026 241 1085 300; x_wconf 82' lang='grc'><strong>149</strong></span> <span class='ocrx_word' id='word_1_8' title='bbox 1137 237 1140 244; x_wconf 90' lang='grc'>’</span> 
     </span>
    </p>
   </div>
   <div class='ocr_carea' id='block_1_3' title="bbox 11 408 1205 3606">
    <p class='ocr_par' dir='ltr' id='par_1_3' title="bbox 11 408 1205 3606">
     <span class='ocr_line' id='line_1_3' title="bbox 87 408 1085 491; baseline -0.006 -19"><span class='ocrx_word' id='word_1_9' title='bbox 87 409 256 491; x_wconf 79' lang='lat' dir='ltr'><strong>sicquidem</strong></span> <span class='ocrx_word' id='word_1_10' title='bbox 275 412 426 488; x_wconf 86' lang='lat' dir='ltr'><strong>quicquam</strong></span> <span class='ocrx_word' id='word_1_11' title='bbox 442 409 588 486; x_wconf 77' lang='lat' dir='ltr'><strong>dignitatis</strong></span> <span class='ocrx_word' id='word_1_12' title='bbox 609 411 725 488; x_wconf 83' lang='lat' dir='ltr'><strong>assequi</strong></span> <span class='ocrx_word' id='word_1_13' title='bbox 740 418 788 469; x_wconf 90' lang='lat' dir='ltr'><strong>aut</strong></span> <span class='ocrx_word' id='word_1_14' title='bbox 809 427 891 489; x_wconf 90' lang='lat' dir='ltr'><strong>spem</strong></span> <span class='ocrx_word' id='word_1_15' title='bbox 907 408 943 469; x_wconf 89' lang='lat' dir='ltr'><strong>dc</strong></span> <span class='ocrx_word' id='word_1_16' title='bbox 959 427 990 468; x_wconf 90' lang='lat' dir='ltr'><strong>se</strong></span> <span class='ocrx_word' id='word_1_17' title='bbox 1009 425 1085 467; x_wconf 91' lang='lat' dir='ltr'><strong>com·</strong></span> 
     </span>
     <span class='ocr_line' id='line_1_4' title="bbox 86 494 686 573; baseline -0.008 -18"><span class='ocrx_word' id='word_1_18' title='bbox 86 495 244 556; x_wconf 90' lang='lat' dir='ltr'><strong>modicrem</strong></span> <span class='ocrx_word' id='word_1_19' title='bbox 259 496 288 553; x_wconf 92' lang='lat' dir='ltr'><strong>in</strong></span> <span class='ocrx_word' id='word_1_20' title='bbox 305 503 451 573; x_wconf 89' lang='lat' dir='ltr'><strong>posterum</strong></span> <span class='ocrx_word' id='word_1_21' title='bbox 468 494 567 552; x_wconf 87' lang='lat' dir='ltr'><strong>iacere</strong></span> <span class='ocrx_word' id='word_1_22' title='bbox 584 494 686 572; x_wconf 91' lang='lat' dir='ltr'><strong>potuit.</strong></span> 
     </span>
     <span class='ocr_line' id='line_1_5' title="bbox 149 575 1088 656; baseline -0.002 -16"><span class='ocrx_word' id='word_1_23' title='bbox 149 579 241 640; x_wconf 78' lang='lat' dir='ltr'><strong>Mater</strong></span> <span class='ocrx_word' id='word_1_24' title='bbox 256 576 381 638; x_wconf 82' lang='lat' dir='ltr'><strong>Antonia</strong></span> <span class='ocrx_word' id='word_1_25' title='bbox 399 584 572 656; x_wconf 73' lang='lat' dir='ltr'><em>portentum</em></span> <span class='ocrx_word' id='word_1_26' title='bbox 595 594 662 636; x_wconf 92' lang='lat' dir='ltr'><strong>eum</strong></span> <span class='ocrx_word' id='word_1_27' title='bbox 686 575 817 636; x_wconf 81' lang='lat' dir='ltr'><strong>dominis</strong></span> <span class='ocrx_word' id='word_1_28' title='bbox 836 576 999 654; x_wconf 73' lang='lat' dir='ltr'><strong>dictitabat,</strong></span> <span class='ocrx_word' id='word_1_29' title='bbox 1031 596 1088 638; x_wconf 88' lang='lat' dir='ltr'><strong>nec</strong></span> 
     </span>
     <span class='ocr_line' id='line_1_6' title="bbox 11 660 1086 741; baseline -0.002 -19"><span class='ocrx_word' id='word_1_30' title='bbox 11 693 12 698; x_wconf 18' lang='grc' dir='ltr'><strong>κ</strong></span> <span class='ocrx_word' id='word_1_31' title='bbox 87 663 261 724; x_wconf 83' lang='lat' dir='ltr'><strong>absolutum</strong></span> <span class='ocrx_word' id='word_1_32' title='bbox 277 679 298 722; x_wconf 92' lang='lat' dir='ltr'><strong>a</strong></span> <span class='ocrx_word' id='word_1_33' title='bbox 312 669 444 738; x_wconf 89' lang='lat' dir='ltr'><strong>natura,</strong></span> <span class='ocrx_word' id='word_1_34' title='bbox 472 661 529 721; x_wconf 89' lang='lat' dir='ltr'><strong>sed</strong></span> <span class='ocrx_word' id='word_1_35' title='bbox 549 666 664 720; x_wconf 90' lang='lat' dir='ltr'><strong>tantum</strong></span> <span class='ocrx_word' id='word_1_36' title='bbox 683 660 858 740; x_wconf 62' lang='lat' dir='ltr'><strong>indractum</strong></span> <span class='ocrx_word' id='word_1_37' title='bbox 866 686 882 732; x_wconf 91' lang='lat'><em>;</em></span> <span class='ocrx_word' id='word_1_38' title='bbox 913 679 947 721; x_wconf 87' lang='lat' dir='ltr'><strong>ac</strong></span> <span class='ocrx_word' id='word_1_39' title='bbox 962 662 986 719; x_wconf 93' lang='lat' dir='ltr'><strong>si</strong></span> <span class='ocrx_word' id='word_1_40' title='bbox 1002 679 1086 741; x_wconf 87' lang='lat' dir='ltr'><strong>quem</strong></span> 
     </span>
     <span class='ocr_line' id='line_1_7' title="bbox 63 743 1085 825; baseline -0.007 -14"><span class='ocrx_word' id='word_1_41' title='bbox 63 746 238 811; x_wconf 84' lang='lat' dir='ltr'><strong>sscccrdiae</strong></span> <span class='ocrx_word' id='word_1_42' title='bbox 264 755 414 825; x_wconf 84' lang='lat' dir='ltr'><strong>argueret,</strong></span> <span class='ocrx_word' id='word_1_43' title='bbox 449 745 618 806; x_wconf 75' lang='lat' dir='ltr'><strong>stultiorem</strong></span> <span class='ocrx_word' id='word_1_44' title='bbox 644 744 739 804; x_wconf 85' lang='lat' dir='ltr'><strong>aiebat</strong></span> <span class='ocrx_word' id='word_1_45' title='bbox 762 745 826 821; x_wconf 71' lang='lat' dir='ltr'><strong>pilio</strong></span> <span class='ocrx_word' id='word_1_46' title='bbox 859 763 915 806; x_wconf 90' lang='lat' dir='ltr'><strong>suo</strong></span> <span class='ocrx_word' id='word_1_47' title='bbox 942 743 1085 806; x_wconf 84' lang='lat' dir='ltr'><strong>Claudio.</strong></span> 
     </span>
     <span class='ocr_line' id='line_1_8' title="bbox 11 827 1086 909; baseline -0.005 -18"><span class='ocrx_word' id='word_1_48' title='bbox 11 885 12 902; x_wconf 68' lang='lat'><strong>,</strong></span> <span class='ocrx_word' id='word_1_49' title='bbox 86 832 160 892; x_wconf 84' lang='lat' dir='ltr'><strong>Avia</strong></span> <span class='ocrx_word' id='word_1_50' title='bbox 176 829 307 907; x_wconf 80' lang='lat' dir='ltr'><strong>Augusta</strong></span> <span class='ocrx_word' id='word_1_51' title='bbox 333 847 386 909; x_wconf 90' lang='lat' dir='ltr'><strong>pru</strong></span> <span class='ocrx_word' id='word_1_52' title='bbox 403 829 625 908; x_wconf 89' lang='lat' dir='ltr'><strong>despectissimo</strong></span> <span class='ocrx_word' id='word_1_53' title='bbox 644 847 761 906; x_wconf 87' lang='lat' dir='ltr'><strong>semper</strong></span> <span class='ocrx_word' id='word_1_54' title='bbox 783 827 897 905; x_wconf 87' lang='lat' dir='ltr'><strong>habuit,</strong></span> <span class='ocrx_word' id='word_1_55' title='bbox 927 847 985 888; x_wconf 91' lang='lat' dir='ltr'><strong>ncn</strong></span> <span class='ocrx_word' id='word_1_56' title='bbox 1006 831 1086 891; x_wconf 82' lang='lat' dir='ltr'><strong>affari</strong></span> 
     </span>
     <span class='ocr_line' id='line_1_9' title="bbox 11 912 1088 992; baseline -0.001 -18"><span class='ocrx_word' id='word_1_57' title='bbox 11 919 12 936; x_wconf 67' lang='lat'><em>¹</em></span> <span class='ocrx_word' id='word_1_58' title='bbox 85 917 140 992; x_wconf 73' lang='lat' dir='ltr'><strong>nisi</strong></span> <span class='ocrx_word' id='word_1_59' title='bbox 155 916 314 991; x_wconf 84' lang='lat' dir='ltr'><strong>rarissime,</strong></span> <span class='ocrx_word' id='word_1_60' title='bbox 347 931 403 974; x_wconf 92' lang='lat' dir='ltr'><strong>non</strong></span> <span class='ocrx_word' id='word_1_61' title='bbox 419 930 536 973; x_wconf 90' lang='lat' dir='ltr'><strong>monere</strong></span> <span class='ocrx_word' id='word_1_62' title='bbox 556 914 610 972; x_wconf 93' lang='lat' dir='ltr'><strong>nisi</strong></span> <span class='ocrx_word' id='word_1_63' title='bbox 628 912 737 973; x_wconf 87' lang='lat' dir='ltr'><strong>acerbo</strong></span> <span class='ocrx_word' id='word_1_64' title='bbox 754 921 783 971; x_wconf 90' lang='lat' dir='ltr'><strong>ct</strong></span> <span class='ocrx_word' id='word_1_65' title='bbox 800 912 882 971; x_wconf 89' lang='lat' dir='ltr'><strong>brevi</strong></span> <span class='ocrx_word' id='word_1_66' title='bbox 905 913 1016 991; x_wconf 88' lang='lat' dir='ltr'><strong>scripto</strong></span> <span class='ocrx_word' id='word_1_67' title='bbox 1040 922 1088 973; x_wconf 87' lang='lat' dir='ltr'><strong>aut</strong></span> 
     </span>
     <span class='ocr_line' id='line_1_10' title="bbox 11 951 1085 1078; baseline -0.004 -19"><span class='ocrx_word' id='word_1_68' title='bbox 11 951 24 1044; x_wconf 76' lang='lat' dir='ltr'><strong>l·</strong></span> <span class='ocrx_word' id='word_1_69' title='bbox 71 994 140 1078; x_wconf 80' lang='lat' dir='ltr'><strong>&#39;per</strong></span> <span class='ocrx_word' id='word_1_70' title='bbox 157 999 345 1058; x_wconf 88' lang='lat' dir='ltr'><strong>internuntios</strong></span> <span class='ocrx_word' id='word_1_71' title='bbox 366 998 459 1059; x_wconf 89' lang='lat' dir='ltr'><strong>solita.</strong></span> <span class='ocrx_word' id='word_1_72' title='bbox 504 999 597 1058; x_wconf 89' lang='lat' dir='ltr'><strong>Soror</strong></span> <span class='ocrx_word' id='word_1_73' title='bbox 612 997 714 1057; x_wconf 88' lang='lat' dir='ltr'><strong>Liuilla</strong></span> <span class='ocrx_word' id='word_1_74' title='bbox 727 1015 789 1055; x_wconf 90' lang='lat' dir='ltr'><strong>cum</strong></span> <span class='ocrx_word' id='word_1_75' title='bbox 811 996 938 1056; x_wconf 86' lang='lat' dir='ltr'><strong>audisset</strong></span> <span class='ocrx_word' id='word_1_76' title='bbox 959 996 1085 1076; x_wconf 85' lang='lat' dir='ltr'><strong>quando·</strong></span> 
     </span>
     <span class='ocr_line' id='line_1_11' title="bbox 107 1078 1087 1163; baseline -0.004 -22"><span class='ocrx_word' id='word_1_77' title='bbox 107 1101 142 1142; x_wconf 90' lang='lat' dir='ltr'><strong>ue</strong></span> <span class='ocrx_word' id='word_1_78' title='bbox 173 1084 393 1163; x_wconf 85' lang='lat' dir='ltr'><strong>imperaturum,</strong></span> <span class='ocrx_word' id='word_1_79' title='bbox 422 1091 477 1142; x_wconf 88' lang='lat' dir='ltr'><strong>tam</strong></span> <span class='ocrx_word' id='word_1_80' title='bbox 505 1083 628 1160; x_wconf 83' lang='lat' dir='ltr'><strong>iniquam</strong></span> <span class='ocrx_word' id='word_1_81' title='bbox 660 1091 688 1141; x_wconf 88' lang='lat' dir='ltr'><strong>et</strong></span> <span class='ocrx_word' id='word_1_82' title='bbox 718 1090 775 1140; x_wconf 90' lang='lat' dir='ltr'><strong>tam</strong></span> <span class='ocrx_word' id='word_1_83' title='bbox 804 1078 947 1157; x_wconf 83' lang='lat' dir='ltr'><strong>indignam</strong></span> <span class='ocrx_word' id='word_1_84' title='bbox 978 1089 1087 1140; x_wconf 90' lang='lat' dir='ltr'><strong>sortem</strong></span> 
     </span>
     <span class='ocr_line' id='line_1_12' title="bbox 51 1101 1087 1246; baseline -0.004 -20"><span class='ocrx_word' id='word_1_85' title='bbox 51 1101 116 1233; x_wconf 61' lang='lat' dir='ltr'><strong>roi</strong></span> <span class='ocrx_word' id='word_1_86' title='bbox 130 1167 166 1228; x_wconf 87' lang='lat' dir='ltr'><strong>R.</strong></span> <span class='ocrx_word' id='word_1_87' title='bbox 183 1167 277 1246; x_wconf 86' lang='lat' dir='ltr'><strong>palam</strong></span> <span class='ocrx_word' id='word_1_88' title='bbox 301 1176 329 1226; x_wconf 89' lang='lat' dir='ltr'><strong>et</strong></span> <span class='ocrx_word' id='word_1_89' title='bbox 353 1165 431 1225; x_wconf 85' lang='lat' dir='ltr'><strong>clare</strong></span> <span class='ocrx_word' id='word_1_90' title='bbox 457 1165 598 1226; x_wconf 84' lang='lat' dir='ltr'><strong>detestata</strong></span> <span class='ocrx_word' id='word_1_91' title='bbox 621 1175 675 1225; x_wconf 88' lang='lat' dir='ltr'><strong>est.</strong></span> <span class='ocrx_word' id='word_1_92' title='bbox 719 1164 791 1224; x_wconf 85' lang='lat' dir='ltr'><strong>Nam</strong></span> <span class='ocrx_word' id='word_1_93' title='bbox 814 1163 972 1224; x_wconf 83' lang='lat' dir='ltr'><strong>avunculus</strong></span> <span class='ocrx_word' id='word_1_94' title='bbox 995 1164 1087 1223; x_wconf 89' lang='lat' dir='ltr'><strong>maior</strong></span> 
     </span>
     <span class='ocr_line' id='line_1_13' title="bbox 84 1248 1086 1349; baseline -0.004 -39"><span class='ocrx_word' id='word_1_95' title='bbox 84 1251 233 1328; x_wconf 82' lang='lat' dir='ltr'><strong>Augustus</strong></span> <span class='ocrx_word' id='word_1_96' title='bbox 276 1249 321 1310; x_wconf 90' lang='lat' dir='ltr'><strong>uid</strong></span> <span class='ocrx_word' id='word_1_97' title='bbox 343 1248 380 1309; x_wconf 89' lang='lat' dir='ltr'><strong>de</strong></span> <span class='ocrx_word' id='word_1_98' title='bbox 401 1267 437 1310; x_wconf 90' lang='lat' dir='ltr'><strong>eo</strong></span> <span class='ocrx_word' id='word_1_99' title='bbox 457 1251 485 1308; x_wconf 90' lang='lat' dir='ltr'><strong>in</strong></span> <span class='ocrx_word' id='word_1_100' title='bbox 506 1260 653 1349; x_wconf 79' lang='lat' dir='ltr'><strong>utramque</strong></span> <span class='ocrx_word' id='word_1_101' title='bbox 676 1258 786 1329; x_wconf 87' lang='lat' dir='ltr'><strong>partem</strong></span> <span class='ocrx_word' id='word_1_102' title='bbox 803 1250 937 1327; x_wconf 86' lang='lat' dir='ltr'><strong>opinatus</strong></span> <span class='ocrx_word' id='word_1_103' title='bbox 952 1250 1004 1324; x_wconf 92' lang='lat' dir='ltr'><strong>sit,</strong></span> <span class='ocrx_word' id='word_1_104' title='bbox 1029 1265 1086 1326; x_wconf 85' lang='lat' dir='ltr'><strong>quo</strong></span> 
     </span>
     <span class='ocr_line' id='line_1_14' title="bbox 84 1269 970 1429; baseline -0.005 -35"><span class='ocrx_word' id='word_1_105' title='bbox 84 1337 191 1395; x_wconf 84' lang='lat' dir='ltr'><strong>certius</strong></span> <span class='ocrx_word' id='word_1_106' title='bbox 211 1269 422 1429; x_wconf 38' lang='lat' dir='ltr'><strong>cognoscatur,</strong></span> <span class='ocrx_word' id='word_1_107' title='bbox 453 1334 548 1412; x_wconf 85' lang='lat' dir='ltr'><strong>capita</strong></span> <span class='ocrx_word' id='word_1_108' title='bbox 565 1335 709 1412; x_wconf 87' lang='lat' dir='ltr'><strong>exipsius</strong></span> <span class='ocrx_word' id='word_1_109' title='bbox 726 1332 858 1410; x_wconf 87' lang='lat' dir='ltr'><strong>epistulis</strong></span> <span class='ocrx_word' id='word_1_110' title='bbox 875 1334 970 1411; x_wconf 88' lang='lat' dir='ltr'><strong>posui.</strong></span> 
     </span>
     <span class='ocr_line' id='line_1_15' title="bbox 149 1413 1118 1514; baseline -0.004 -34"><span class='ocrx_word' id='word_1_111' title='bbox 149 1416 325 1479; x_wconf 79' lang='lat' dir='ltr'><strong>Collocutus</strong></span> <span class='ocrx_word' id='word_1_112' title='bbox 340 1436 407 1477; x_wconf 88' lang='lat' dir='ltr'><strong>sum</strong></span> <span class='ocrx_word' id='word_1_113' title='bbox 423 1437 491 1478; x_wconf 89' lang='lat' dir='ltr'><strong>cum</strong></span> <span class='ocrx_word' id='word_1_114' title='bbox 508 1415 647 1493; x_wconf 83' lang='lat' dir='ltr'><strong>Tiberio,</strong></span> <span class='ocrx_word' id='word_1_115' title='bbox 669 1423 703 1477; x_wconf 87' lang='lat' dir='ltr'><strong>ut</strong></span> <span class='ocrx_word' id='word_1_116' title='bbox 724 1415 894 1514; x_wconf 90' lang='lat' dir='ltr'><strong>mandasti</strong></span> <span class='ocrx_word' id='word_1_117' title='bbox 898 1433 967 1478; x_wconf 87' lang='lat' dir='ltr'><strong>mea</strong></span> <span class='ocrx_word' id='word_1_118' title='bbox 982 1413 1118 1491; x_wconf 72' lang='lat' dir='ltr'><strong>tuerat</strong></span> 
     </span>
     <span class='ocr_line' id='line_1_16' title="bbox 11 1469 1205 1645; baseline -0.002 -83"><span class='ocrx_word' id='word_1_119' title='bbox 11 1557 13 1572; x_wconf 61' lang='lat'><strong>,</strong></span> <span class='ocrx_word' id='word_1_120' title='bbox 84 1501 160 1582; x_wconf 86' lang='lat' dir='ltr'><strong>quid</strong></span> <span class='ocrx_word' id='word_1_121' title='bbox 178 1503 283 1580; x_wconf 82' lang='lat' dir='ltr'><strong>nepoti</strong></span> <span class='ocrx_word' id='word_1_122' title='bbox 306 1507 356 1562; x_wconf 86' lang='lat' dir='ltr'><strong>tuo</strong></span> <span class='ocrx_word' id='word_1_123' title='bbox 376 1499 498 1564; x_wconf 84' lang='lat' dir='ltr'><strong>Tiberio</strong></span> <span class='ocrx_word' id='word_1_124' title='bbox 518 1500 696 1581; x_wconf 76' lang='lat' dir='ltr'><strong>facimmum</strong></span> <span class='ocrx_word' id='word_1_125' title='bbox 721 1508 803 1562; x_wconf 81' lang='lat' dir='ltr'><strong>essel</strong></span> <span class='ocrx_word' id='word_1_126' title='bbox 822 1469 905 1562; x_wconf 82' lang='lat' dir='ltr'><strong>ludus</strong></span> <span class='ocrx_word' id='word_1_127' title='bbox 930 1500 1114 1562; x_wconf 85' lang='lat' dir='ltr'><strong>Martiali·</strong></span> <span class='ocrx_word' id='word_1_128' title='bbox 1108 1497 1202 1645; x_wconf 99' lang='grc' dir='ltr'><em>Μ</em></span> <span class='ocrx_word' id='word_1_129' title='bbox 1185 1511 1205 1550; x_wconf 73' lang='lat'><strong>1²</strong></span> 
     </span>
     <span class='ocr_line' id='line_1_17' title="bbox 50 1583 1089 1666; baseline -0.004 -16"><span class='ocrx_word' id='word_1_130' title='bbox 50 1611 73 1650; x_wconf 83' lang='grc' dir='ltr'><strong>ιι</strong></span> <span class='ocrx_word' id='word_1_131' title='bbox 85 1586 154 1646; x_wconf 89' lang='lat' dir='ltr'><strong>bus</strong></span> <span class='ocrx_word' id='word_1_132' title='bbox 200 1583 358 1646; x_wconf 83' lang='lat' dir='ltr'><strong>Consentit</strong></span> <span class='ocrx_word' id='word_1_133' title='bbox 371 1593 471 1646; x_wconf 90' lang='lat' dir='ltr'><strong>autem</strong></span> <span class='ocrx_word' id='word_1_134' title='bbox 484 1595 611 1666; x_wconf 83' lang='lat' dir='ltr'><strong>uterque</strong></span> <span class='ocrx_word' id='word_1_135' title='bbox 627 1592 780 1664; x_wconf 88' lang='lat' dir='ltr'><strong>nostrum,</strong></span> <span class='ocrx_word' id='word_1_136' title='bbox 807 1587 901 1648; x_wconf 87' lang='lat' dir='ltr'><strong>semel</strong></span> <span class='ocrx_word' id='word_1_137' title='bbox 914 1584 1006 1647; x_wconf 87' lang='lat' dir='ltr'><strong>nodis</strong></span> <span class='ocrx_word' id='word_1_138' title='bbox 1021 1602 1089 1646; x_wconf 89' lang='lat' dir='ltr'><strong>esse</strong></span> 
     </span>
     <span class='ocr_line' id='line_1_18' title="bbox 82 1669 1089 1751; baseline -0.002 -21"><span class='ocrx_word' id='word_1_139' title='bbox 82 1669 295 1745; x_wconf 88' lang='lat' dir='ltr'><strong>statuendum,</strong></span> <span class='ocrx_word' id='word_1_140' title='bbox 326 1671 409 1749; x_wconf 84' lang='lat' dir='ltr'><strong>quod</strong></span> <span class='ocrx_word' id='word_1_141' title='bbox 430 1669 620 1733; x_wconf 87' lang='lat' dir='ltr'><strong>consilium</strong></span> <span class='ocrx_word' id='word_1_142' title='bbox 608 1690 640 1732; x_wconf 90' lang='lat' dir='ltr'><strong>m</strong></span> <span class='ocrx_word' id='word_1_143' title='bbox 659 1671 713 1732; x_wconf 91' lang='lat' dir='ltr'><strong>illo</strong></span> <span class='ocrx_word' id='word_1_144' title='bbox 735 1688 910 1751; x_wconf 81' lang='lat' dir='ltr'><strong>sequamur.</strong></span> <span class='ocrx_word' id='word_1_145' title='bbox 955 1669 1037 1732; x_wconf 90' lang='lat' dir='ltr'><strong>Nam</strong></span> <span class='ocrx_word' id='word_1_146' title='bbox 1060 1670 1089 1729; x_wconf 86' lang='lat' dir='ltr'><strong>si</strong></span> 
     </span>
     <span class='ocr_line' id='line_1_19' title="bbox 83 1747 1087 1839; baseline -0.002 -24"><span class='ocrx_word' id='word_1_147' title='bbox 83 1760 130 1815; x_wconf 92' lang='lat' dir='ltr'><strong>est</strong></span> <span class='ocrx_word' id='word_1_148' title='bbox 146 1754 247 1813; x_wconf 88' lang='lat' dir='ltr'><strong>artius</strong></span> <span class='ocrx_word' id='word_1_149' title='bbox 263 1749 310 1836; x_wconf 90' lang='lat' dir='ltr'><strong>(ut</strong></span> <span class='ocrx_word' id='word_1_150' title='bbox 326 1754 371 1814; x_wconf 88' lang='lat' dir='ltr'><strong>ita</strong></span> <span class='ocrx_word' id='word_1_151' title='bbox 388 1753 505 1839; x_wconf 88' lang='lat' dir='ltr'><strong>dicam)</strong></span> <span class='ocrx_word' id='word_1_152' title='bbox 525 1747 714 1832; x_wconf 80' lang='lat' dir='ltr'><strong>dolocle&#39;ros,</strong></span> <span class='ocrx_word' id='word_1_153' title='bbox 745 1755 820 1835; x_wconf 81' lang='lat' dir='ltr'><strong>quid</strong></span> <span class='ocrx_word' id='word_1_154' title='bbox 837 1762 881 1815; x_wconf 92' lang='lat' dir='ltr'><strong>est</strong></span> <span class='ocrx_word' id='word_1_155' title='bbox 904 1755 987 1835; x_wconf 84' lang='lat' dir='ltr'><strong>quod</strong></span> <span class='ocrx_word' id='word_1_156' title='bbox 1002 1753 1087 1814; x_wconf 82' lang='lat' dir='ltr'><strong>dudi·</strong></span> 
     </span>
     <span class='ocr_line' id='line_1_20' title="bbox 11 1837 1089 1918; baseline -0.001 -20"><span class='ocrx_word' id='word_1_157' title='bbox 11 1857 16 1866; x_wconf 44' lang='lat'>1</span> <span class='ocrx_word' id='word_1_158' title='bbox 83 1847 198 1912; x_wconf 87' lang='lat' dir='ltr'><strong>temus,</strong></span> <span class='ocrx_word' id='word_1_159' title='bbox 228 1838 300 1916; x_wconf 83' lang='lat' dir='ltr'><strong>quin</strong></span> <span class='ocrx_word' id='word_1_160' title='bbox 316 1856 373 1916; x_wconf 88' lang='lat' dir='ltr'><strong>per</strong></span> <span class='ocrx_word' id='word_1_161' title='bbox 388 1839 509 1900; x_wconf 87' lang='lat' dir='ltr'><strong>eosdem</strong></span> <span class='ocrx_word' id='word_1_162' title='bbox 525 1841 676 1900; x_wconf 74' lang='lat' dir='ltr'><strong>articulos</strong></span> <span class='ocrx_word' id='word_1_163' title='bbox 692 1845 722 1900; x_wconf 91' lang='lat' dir='ltr'><strong>et</strong></span> <span class='ocrx_word' id='word_1_164' title='bbox 729 1839 854 1918; x_wconf 80' lang='lat' dir='ltr'><strong>proclus</strong></span> <span class='ocrx_word' id='word_1_165' title='bbox 866 1837 1089 1917; x_wconf 87' lang='lat' dir='ltr'><strong>producendus</strong></span> 
     </span>
     <span class='ocr_line' id='line_1_21' title="bbox 82 1921 1088 2024; baseline 0 -42"><span class='ocrx_word' id='word_1_166' title='bbox 82 1922 141 1996; x_wconf 86' lang='lat' dir='ltr'><strong>sit,</strong></span> <span class='ocrx_word' id='word_1_167' title='bbox 171 1939 231 1998; x_wconf 88' lang='lat' dir='ltr'><strong>per</strong></span> <span class='ocrx_word' id='word_1_168' title='bbox 258 1939 335 2000; x_wconf 86' lang='lat' dir='ltr'><strong>quos</strong></span> <span class='ocrx_word' id='word_1_169' title='bbox 365 1922 468 2000; x_wconf 80' lang='lat' dir='ltr'><strong>frater</strong></span> <span class='ocrx_word' id='word_1_170' title='bbox 497 1924 563 1984; x_wconf 87' lang='lat' dir='ltr'><strong>eius</strong></span> <span class='ocrx_word' id='word_1_171' title='bbox 591 1923 764 2024; x_wconf 86' lang='lat' dir='ltr'><strong>productus</strong></span> <span class='ocrx_word' id='word_1_172' title='bbox 791 1923 856 1982; x_wconf 82' lang='lat' dir='ltr'><strong>sit?</strong></span> <span class='ocrx_word' id='word_1_173' title='bbox 899 1921 957 1982; x_wconf 86' lang='lat' dir='ltr'><strong>Sin</strong></span> <span class='ocrx_word' id='word_1_174' title='bbox 988 1929 1088 1983; x_wconf 92' lang='lat' dir='ltr'><strong>autem</strong></span> 
     </span>
     <span class='ocr_line' id='line_1_22' title="bbox 46 1966 1089 2106; baseline 0.003 -43"><span class='ocrx_word' id='word_1_175' title='bbox 46 2037 72 2078; x_wconf 86' lang='lat' dir='ltr'><strong>m</strong></span> <span class='ocrx_word' id='word_1_176' title='bbox 82 1966 313 2106; x_wconf 57' lang='lat' dir='ltr'><strong>missadedim</strong></span> <span class='ocrx_word' id='word_1_177' title='bbox 314 2007 459 2066; x_wconf 89' lang='lat' dir='ltr'><strong>sentimus</strong></span> <span class='ocrx_word' id='word_1_178' title='bbox 479 2025 545 2067; x_wconf 89' lang='lat' dir='ltr'><strong>eum</strong></span> <span class='ocrx_word' id='word_1_179' title='bbox 561 2015 590 2067; x_wconf 91' lang='lat' dir='ltr'><strong>et</strong></span> <span class='ocrx_word' id='word_1_180' title='bbox 601 1999 795 2106; x_wconf 76' lang='grc' dir='ltr'><em>βεβλάφθαι</em></span> <span class='ocrx_word' id='word_1_181' title='bbox 813 2000 922 2066; x_wconf 82' lang='lat' dir='ltr'><strong>nuli</strong></span> <span class='ocrx_word' id='word_1_182' title='bbox 892 2004 922 2066; x_wconf 84' lang='grc' dir='ltr'><em>ε</em></span> <span class='ocrx_word' id='word_1_183' title='bbox 921 2026 937 2078; x_wconf 82' lang='grc' dir='ltr'><em>ς</em></span> <span class='ocrx_word' id='word_1_184' title='bbox 953 1995 1013 2084; x_wconf 82' lang='grc' dir='ltr'><strong>τὴν</strong></span> <span class='ocrx_word' id='word_1_185' title='bbox 1027 2003 1089 2066; x_wconf 83' lang='grc' dir='ltr'><strong>τοῦ</strong></span> 
     </span>
     <span class='ocr_line' id='line_1_23' title="bbox 85 2079 1089 2185; baseline -0.001 -36"><span class='ocrx_word' id='word_1_186' title='bbox 85 2079 238 2167; x_wconf 72' lang='grc' dir='ltr'><em>σώματος</em></span> <span class='ocrx_word' id='word_1_187' title='bbox 261 2109 316 2148; x_wconf 86' lang='grc' dir='ltr'><strong>και</strong></span> <span class='ocrx_word' id='word_1_188' title='bbox 305 2082 374 2161; x_wconf 74' lang='grc' dir='ltr'><strong>εἰς</strong></span> <span class='ocrx_word' id='word_1_189' title='bbox 398 2079 459 2172; x_wconf 78' lang='grc' dir='ltr'><strong>τὴν</strong></span> <span class='ocrx_word' id='word_1_190' title='bbox 483 2081 879 2170; x_wconf 53' lang='lat' dir='ltr'><strong>recooperiendam,</strong></span> <span class='ocrx_word' id='word_1_191' title='bbox 904 2087 1089 2185; x_wconf 84' lang='lat' dir='ltr'><strong>praebenda</strong></span> 
     </span>
     <span class='ocr_line' id='line_1_24' title="bbox 82 2162 1088 2236; baseline 0 -3"><span class='ocrx_word' id='word_1_192' title='bbox 82 2173 218 2234; x_wconf 88' lang='lat' dir='ltr'><strong>materia</strong></span> <span class='ocrx_word' id='word_1_193' title='bbox 234 2173 396 2234; x_wconf 86' lang='lat' dir='ltr'><strong>deridendi</strong></span> <span class='ocrx_word' id='word_1_194' title='bbox 414 2181 443 2236; x_wconf 93' lang='lat' dir='ltr'><strong>et</strong></span> <span class='ocrx_word' id='word_1_195' title='bbox 458 2174 544 2235; x_wconf 87' lang='lat' dir='ltr'><strong>illum</strong></span> <span class='ocrx_word' id='word_1_196' title='bbox 567 2181 597 2235; x_wconf 90' lang='lat' dir='ltr'><strong>et</strong></span> <span class='ocrx_word' id='word_1_197' title='bbox 619 2193 677 2236; x_wconf 92' lang='lat' dir='ltr'><strong>nos</strong></span> <span class='ocrx_word' id='word_1_198' title='bbox 700 2181 828 2236; x_wconf 87' lang='lat' dir='ltr'><strong>nonest</strong></span> <span class='ocrx_word' id='word_1_199' title='bbox 849 2172 1023 2235; x_wconf 80' lang='lat' dir='ltr'><strong>dominibus</strong></span> <span class='ocrx_word' id='word_1_200' title='bbox 1048 2162 1088 2233; x_wconf 78' lang='lat' dir='ltr'><strong>roi</strong></span> 
     </span>
     <span class='ocr_line' id='line_1_25' title="bbox 11 2249 1086 2339; baseline 0 -21"><span class='ocrx_word' id='word_1_201' title='bbox 11 2303 31 2322; x_wconf 72' lang='grc'><strong>,,</strong></span> <span class='ocrx_word' id='word_1_202' title='bbox 84 2253 222 2318; x_wconf 84' lang='grc' dir='ltr'><em>τοιαῦτα</em></span> <span class='ocrx_word' id='word_1_203' title='bbox 238 2250 403 2319; x_wconf 77' lang='grc' dir='ltr'><em>σκώπτειν</em></span> <span class='ocrx_word' id='word_1_204' title='bbox 415 2252 475 2320; x_wconf 83' lang='lat' dir='ltr'><strong>nal</strong></span> <span class='ocrx_word' id='word_1_205' title='bbox 489 2257 699 2339; x_wconf 78' lang='grc' dir='ltr'><em>μυκτηρίζειν</em></span> <span class='ocrx_word' id='word_1_206' title='bbox 720 2249 889 2320; x_wconf 80' lang='grc' dir='ltr'><em>εἰωθόσιν.</em></span> <span class='ocrx_word' id='word_1_207' title='bbox 917 2255 998 2320; x_wconf 88' lang='lat' dir='ltr'><strong>Nam</strong></span> <span class='ocrx_word' id='word_1_208' title='bbox 1009 2275 1086 2318; x_wconf 88' lang='lat' dir='ltr'><strong>sem·</strong></span> 
     </span>
     <span class='ocr_line' id='line_1_26' title="bbox 82 2342 1086 2440; baseline 0.003 -39"><span class='ocrx_word' id='word_1_209' title='bbox 82 2359 142 2420; x_wconf 87' lang='lat' dir='ltr'><strong>per</strong></span> <span class='ocrx_word' id='word_1_210' title='bbox 157 2342 385 2440; x_wconf 88' lang='lat' dir='ltr'><strong>aestuabimus,</strong></span> <span class='ocrx_word' id='word_1_211' title='bbox 414 2361 443 2414; x_wconf 82' lang='lat' dir='ltr'><strong>sc</strong></span> <span class='ocrx_word' id='word_1_212' title='bbox 437 2344 497 2404; x_wconf 89' lang='lat' dir='ltr'><strong>de</strong></span> <span class='ocrx_word' id='word_1_213' title='bbox 516 2344 646 2424; x_wconf 79' lang='lat' dir='ltr'><strong>sinpulis</strong></span> <span class='ocrx_word' id='word_1_214' title='bbox 668 2343 810 2405; x_wconf 84' lang='lat' dir='ltr'><strong>artimrlis</strong></span> <span class='ocrx_word' id='word_1_215' title='bbox 831 2347 999 2421; x_wconf 86' lang='lat' dir='ltr'><strong>ternporum</strong></span> <span class='ocrx_word' id='word_1_216' title='bbox 1014 2344 1086 2405; x_wconf 87' lang='lat' dir='ltr'><strong>deli-</strong></span> 
     </span>
     <span class='ocr_line' id='line_1_27' title="bbox 47 2389 1193 2511; baseline -0.007 -20"><span class='ocrx_word' id='word_1_217' title='bbox 47 2451 73 2490; x_wconf 85' lang='lat'><strong>25</strong></span> <span class='ocrx_word' id='word_1_218' title='bbox 85 2424 279 2503; x_wconf 81' lang='lat' dir='ltr'><strong>iterabimus,</strong></span> <span class='ocrx_word' id='word_1_219' title='bbox 302 2448 346 2508; x_wconf 85' lang='grc' dir='ltr'><strong>μη</strong></span> <span class='ocrx_word' id='word_1_220' title='bbox 335 2389 688 2511; x_wconf 68' lang='lat' dir='ltr'><strong>npudnonatpduov</strong></span> <span class='ocrx_word' id='word_1_221' title='bbox 669 2437 752 2509; x_wconf 78' lang='grc' dir='ltr'><strong>ημῖν</strong></span> <span class='ocrx_word' id='word_1_222' title='bbox 763 2445 882 2508; x_wconf 88' lang='lat' dir='ltr'><strong>posse</strong></span> <span class='ocrx_word' id='word_1_223' title='bbox 901 2429 1114 2490; x_wconf 87' lang='lat' dir='ltr'><strong>arbitremur</strong></span> <span class='ocrx_word' id='word_1_224' title='bbox 1108 2444 1140 2483; x_wconf 65' lang='lat' dir='ltr'><strong>s</strong></span> <span class='ocrx_word' id='word_1_225' title='bbox 1133 2433 1193 2475; x_wconf 83' lang='grc'><strong><em>&lt;</em></strong></span> 
     </span>
     <span class='ocr_line' id='line_1_28' title="bbox 85 2493 1173 2596; baseline 0.001 -27"><span class='ocrx_word' id='word_1_226' title='bbox 85 2529 153 2569; x_wconf 78' lang='lat' dir='ltr'><strong>eram</strong></span> <span class='ocrx_word' id='word_1_227' title='bbox 166 2529 275 2590; x_wconf 81' lang='lat' dir='ltr'><strong>perere</strong></span> <span class='ocrx_word' id='word_1_228' title='bbox 289 2512 437 2589; x_wconf 81' lang='lat' dir='ltr'><strong>donares,</strong></span> <span class='ocrx_word' id='word_1_229' title='bbox 467 2529 570 2573; x_wconf 83' lang='lat' dir='ltr'><strong>nemus.</strong></span> <span class='ocrx_word' id='word_1_230' title='bbox 615 2509 653 2574; x_wconf 88' lang='grc' dir='ltr'><strong>Ιη</strong></span> <span class='ocrx_word' id='word_1_231' title='bbox 666 2513 847 2592; x_wconf 88' lang='lat' dir='ltr'><strong>praesentia</strong></span> <span class='ocrx_word' id='word_1_232' title='bbox 864 2520 963 2573; x_wconf 90' lang='lat' dir='ltr'><strong>tamen</strong></span> <span class='ocrx_word' id='word_1_233' title='bbox 977 2493 1173 2596; x_wconf 75' lang='lat' dir='ltr'><strong>quibus‘&#39;¹‘¹</strong></span> 
     </span>
     <span class='ocr_line' id='line_1_29' title="bbox 11 2594 1085 2680; baseline 0.001 -27"><span class='ocrx_word' id='word_1_234' title='bbox 11 2667 17 2680; x_wconf 87' lang='lat'><strong><em>.</em></strong></span> <span class='ocrx_word' id='word_1_235' title='bbox 31 2594 231 2656; x_wconf 85' lang='lat' dir='ltr'><strong>derebus</strong></span> <span class='ocrx_word' id='word_1_236' title='bbox 253 2596 407 2673; x_wconf 87' lang='lat' dir='ltr'><strong>consulis,</strong></span> <span class='ocrx_word' id='word_1_237' title='bbox 440 2615 555 2658; x_wconf 89' lang='lat' dir='ltr'><strong>curare</strong></span> <span class='ocrx_word' id='word_1_238' title='bbox 575 2614 642 2657; x_wconf 90' lang='lat' dir='ltr'><strong>eum</strong></span> <span class='ocrx_word' id='word_1_239' title='bbox 662 2597 746 2658; x_wconf 87' lang='lat' dir='ltr'><strong>ludis</strong></span> <span class='ocrx_word' id='word_1_240' title='bbox 768 2595 970 2658; x_wconf 80' lang='lat' dir='ltr'><strong>Martialibus</strong></span> <span class='ocrx_word' id='word_1_241' title='bbox 989 2596 1085 2658; x_wconf 83' lang='lat' dir='ltr'><strong>tricli-</strong></span> 
     </span>
     <span class='ocr_line' id='line_1_30' title="bbox 83 2679 1088 2760; baseline 0.001 -23"><span class='ocrx_word' id='word_1_242' title='bbox 83 2679 168 2738; x_wconf 89' lang='lat' dir='ltr'><strong>nium</strong></span> <span class='ocrx_word' id='word_1_243' title='bbox 185 2680 382 2741; x_wconf 80' lang='lat' dir='ltr'><strong>sacerdotum</strong></span> <span class='ocrx_word' id='word_1_244' title='bbox 402 2699 464 2740; x_wconf 89' lang='lat' dir='ltr'><strong>non</strong></span> <span class='ocrx_word' id='word_1_245' title='bbox 480 2681 621 2759; x_wconf 87' lang='lat' dir='ltr'><strong>displicet</strong></span> <span class='ocrx_word' id='word_1_246' title='bbox 640 2681 746 2758; x_wconf 84' lang='lat' dir='ltr'><strong>nobis,</strong></span> <span class='ocrx_word' id='word_1_247' title='bbox 773 2681 803 2741; x_wconf 89' lang='lat' dir='ltr'><strong>si</strong></span> <span class='ocrx_word' id='word_1_248' title='bbox 817 2689 863 2742; x_wconf 83' lang='lat' dir='ltr'><strong>est</strong></span> <span class='ocrx_word' id='word_1_249' title='bbox 878 2687 1034 2760; x_wconf 81' lang='lat' dir='ltr'><strong>passurus</strong></span> <span class='ocrx_word' id='word_1_250' title='bbox 1054 2696 1088 2738; x_wconf 89' lang='lat' dir='ltr'><strong>se</strong></span> 
     </span>
     <span class='ocr_line' id='line_1_31' title="bbox 63 2761 1089 2844; baseline -0.002 -21.954"><span class='ocrx_word' id='word_1_251' title='bbox 63 2762 127 2822; x_wconf 85' lang='lat' dir='ltr'><strong>ab</strong></span> <span class='ocrx_word' id='word_1_252' title='bbox 156 2761 260 2824; x_wconf 81' lang='lat' dir='ltr'><strong>Silani</strong></span> <span class='ocrx_word' id='word_1_253' title='bbox 287 2764 353 2842; x_wconf 70' lang='lat' dir='ltr'><strong>filio</strong></span> <span class='ocrx_word' id='word_1_254' title='bbox 384 2765 503 2826; x_wconf 78' lang='lat' dir='ltr'><strong>homine</strong></span> <span class='ocrx_word' id='word_1_255' title='bbox 531 2764 593 2826; x_wconf 84' lang='lat' dir='ltr'><strong>sibi</strong></span> <span class='ocrx_word' id='word_1_256' title='bbox 622 2764 712 2844; x_wconf 74' lang='lat' dir='ltr'><strong>affini</strong></span> <span class='ocrx_word' id='word_1_257' title='bbox 741 2766 917 2841; x_wconf 86' lang='lat' dir='ltr'><strong>admoneri,</strong></span> <span class='ocrx_word' id='word_1_258' title='bbox 945 2783 984 2824; x_wconf 90' lang='lat' dir='ltr'><strong>ne</strong></span> <span class='ocrx_word' id='word_1_259' title='bbox 1014 2761 1089 2842; x_wconf 84' lang='lat' dir='ltr'><strong>quid</strong></span> 
     </span>
     <span class='ocr_line' id='line_1_32' title="bbox 50 2841 1088 2928; baseline -0.005 -18"><span class='ocrx_word' id='word_1_260' title='bbox 50 2845 189 2926; x_wconf 79' lang='lat' dir='ltr'><strong>scfueiut</strong></span> <span class='ocrx_word' id='word_1_261' title='bbox 209 2841 295 2928; x_wconf 75' lang='lat' dir='ltr'><strong>quod</strong></span> <span class='ocrx_word' id='word_1_262' title='bbox 320 2848 459 2926; x_wconf 77' lang='lat' dir='ltr'><strong>conspici</strong></span> <span class='ocrx_word' id='word_1_263' title='bbox 482 2857 512 2910; x_wconf 91' lang='lat' dir='ltr'><strong>et</strong></span> <span class='ocrx_word' id='word_1_264' title='bbox 537 2850 674 2911; x_wconf 86' lang='lat' dir='ltr'><strong>derideri</strong></span> <span class='ocrx_word' id='word_1_265' title='bbox 693 2851 803 2928; x_wconf 87' lang='lat' dir='ltr'><strong>possit.</strong></span> <span class='ocrx_word' id='word_1_266' title='bbox 849 2849 999 2928; x_wconf 88' lang='lat' dir='ltr'><strong>Spectare</strong></span> <span class='ocrx_word' id='word_1_267' title='bbox 1021 2865 1088 2906; x_wconf 90' lang='lat' dir='ltr'><strong>eum</strong></span> 
     </span>
     <span class='ocr_line' id='line_1_33' title="bbox 86 2930 1088 3012; baseline -0.003 -21"><span class='ocrx_word' id='word_1_268' title='bbox 86 2931 241 2992; x_wconf 85' lang='lat' dir='ltr'><strong>circenses</strong></span> <span class='ocrx_word' id='word_1_269' title='bbox 255 2951 294 2994; x_wconf 79' lang='lat' dir='ltr'><strong>en</strong></span> <span class='ocrx_word' id='word_1_270' title='bbox 306 2933 482 3011; x_wconf 85' lang='lat' dir='ltr'><strong>puluinari,</strong></span> <span class='ocrx_word' id='word_1_271' title='bbox 510 2952 572 2995; x_wconf 89' lang='lat' dir='ltr'><strong>non</strong></span> <span class='ocrx_word' id='word_1_272' title='bbox 582 2935 687 3012; x_wconf 88' lang='lat' dir='ltr'><strong>placet</strong></span> <span class='ocrx_word' id='word_1_273' title='bbox 701 2933 812 3004; x_wconf 83' lang='lat' dir='ltr'><strong>nobis,-</strong></span> <span class='ocrx_word' id='word_1_274' title='bbox 836 2933 994 3011; x_wconf 74' lang='lat' dir='ltr'><strong>sepositus</strong></span> <span class='ocrx_word' id='word_1_275' title='bbox 1009 2930 1088 2990; x_wconf 86' lang='lat' dir='ltr'><strong>euim</strong></span> 
     </span>
     <span class='ocr_line' id='line_1_34' title="bbox 85 3011 1085 3116; baseline -0.002 -41"><span class='ocrx_word' id='word_1_276' title='bbox 85 3017 117 3075; x_wconf 89' lang='lat' dir='ltr'><strong>in</strong></span> <span class='ocrx_word' id='word_1_277' title='bbox 130 3013 237 3093; x_wconf 80' lang='lat' dir='ltr'><strong>fronte</strong></span> <span class='ocrx_word' id='word_1_278' title='bbox 254 3018 361 3116; x_wconf 85' lang='lat' dir='ltr'><strong>prima</strong></span> <span class='ocrx_word' id='word_1_279' title='bbox 378 3019 640 3096; x_wconf 85' lang='lat' dir='ltr'><strong>spectaculorum,</strong></span> <span class='ocrx_word' id='word_1_280' title='bbox 670 3018 885 3096; x_wconf 82' lang='lat' dir='ltr'><strong>conspicietur</strong></span> <span class='ocrx_word' id='word_1_281' title='bbox 929 3013 967 3076; x_wconf 89' lang='grc' dir='ltr'><strong>1η</strong></span> <span class='ocrx_word' id='word_1_282' title='bbox 989 3011 1085 3074; x_wconf 82' lang='lat' dir='ltr'><strong>Atua-</strong></span> 
     </span>
     <span class='ocr_line' id='line_1_35' title="bbox 84 3099 1089 3181; baseline 0 -21"><span class='ocrx_word' id='word_1_283' title='bbox 84 3119 156 3160; x_wconf 88' lang='lat' dir='ltr'><strong>num</strong></span> <span class='ocrx_word' id='word_1_284' title='bbox 171 3101 329 3163; x_wconf 84' lang='lat' dir='ltr'><strong>montem&#39;</strong></span> <span class='ocrx_word' id='word_1_285' title='bbox 316 3119 372 3161; x_wconf 83' lang='lat' dir='ltr'><strong>ure</strong></span> <span class='ocrx_word' id='word_1_286' title='bbox 378 3120 460 3177; x_wconf 90' lang='lat' dir='ltr'><strong>eum,</strong></span> <span class='ocrx_word' id='word_1_287' title='bbox 490 3121 551 3163; x_wconf 90' lang='lat' dir='ltr'><strong>non</strong></span> <span class='ocrx_word' id='word_1_288' title='bbox 563 3104 668 3181; x_wconf 86' lang='lat' dir='ltr'><strong>placet</strong></span> <span class='ocrx_word' id='word_1_289' title='bbox 681 3101 790 3178; x_wconf 84' lang='lat' dir='ltr'><strong>nobis,</strong></span> <span class='ocrx_word' id='word_1_290' title='bbox 821 3107 875 3160; x_wconf 90' lang='lat' dir='ltr'><strong>out</strong></span> <span class='ocrx_word' id='word_1_291' title='bbox 889 3117 956 3160; x_wconf 87' lang='lat' dir='ltr'><strong>esse</strong></span> <span class='ocrx_word' id='word_1_292' title='bbox 970 3099 1089 3160; x_wconf 83' lang='lat' dir='ltr'><strong>Romae</strong></span> 
     </span>
     <span class='ocr_line' id='line_1_36' title="bbox 86 3181 1089 3265; baseline 0 -22"><span class='ocrx_word' id='word_1_293' title='bbox 86 3181 270 3246; x_wconf 85' lang='lat' dir='ltr'><strong>Latinarum</strong></span> <span class='ocrx_word' id='word_1_294' title='bbox 296 3186 412 3246; x_wconf 89' lang='lat' dir='ltr'><strong>diebus.</strong></span> <span class='ocrx_word' id='word_1_295' title='bbox 460 3185 524 3247; x_wconf 79' lang='lat' dir='ltr'><strong>Cur</strong></span> <span class='ocrx_word' id='word_1_296' title='bbox 549 3189 626 3248; x_wconf 91' lang='lat' dir='ltr'><strong>enim</strong></span> <span class='ocrx_word' id='word_1_297' title='bbox 652 3205 714 3248; x_wconf 92' lang='lat' dir='ltr'><strong>non</strong></span> <span class='ocrx_word' id='word_1_298' title='bbox 735 3184 918 3265; x_wconf 80' lang='lat' dir='ltr'><strong>praeficitur</strong></span> <span class='ocrx_word' id='word_1_299' title='bbox 944 3182 1030 3259; x_wconf 88' lang='lat' dir='ltr'><strong>urbi,</strong></span> <span class='ocrx_word' id='word_1_300' title='bbox 1060 3183 1089 3244; x_wconf 91' lang='lat' dir='ltr'><strong>si</strong></span> 
     </span>
     <span class='ocr_line' id='line_1_37' title="bbox 49 3267 1086 3350; baseline -0.006 -17"><span class='ocrx_word' id='word_1_301' title='bbox 49 3275 189 3345; x_wconf 79' lang='lat' dir='ltr'><strong>capotest</strong></span> <span class='ocrx_word' id='word_1_302' title='bbox 211 3271 299 3350; x_wconf 85' lang='lat' dir='ltr'><strong>sequi</strong></span> <span class='ocrx_word' id='word_1_303' title='bbox 320 3268 455 3348; x_wconf 80' lang='lat' dir='ltr'><strong>fratrem</strong></span> <span class='ocrx_word' id='word_1_304' title='bbox 475 3289 563 3331; x_wconf 91' lang='lat' dir='ltr'><strong>suum</strong></span> <span class='ocrx_word' id='word_1_305' title='bbox 587 3273 619 3332; x_wconf 90' lang='lat' dir='ltr'><strong>in</strong></span> <span class='ocrx_word' id='word_1_306' title='bbox 638 3273 788 3332; x_wconf 82' lang='lat' dir='ltr'><strong>montem?</strong></span> <span class='ocrx_word' id='word_1_307' title='bbox 822 3267 928 3328; x_wconf 86' lang='lat' dir='ltr'><strong>Habes</strong></span> <span class='ocrx_word' id='word_1_308' title='bbox 949 3275 1086 3344; x_wconf 88' lang='lat' dir='ltr'><strong>nostros,</strong></span> 
     </span>
     <span class='ocr_line' id='line_1_38' title="bbox 85 3351 1089 3440; baseline 0.001 -29"><span class='ocrx_word' id='word_1_309' title='bbox 85 3370 154 3415; x_wconf 89' lang='lat' dir='ltr'><strong>meu</strong></span> <span class='ocrx_word' id='word_1_310' title='bbox 180 3351 285 3440; x_wconf 83' lang='lat' dir='ltr'><strong>Livia,</strong></span> <span class='ocrx_word' id='word_1_311' title='bbox 309 3355 492 3430; x_wconf 85' lang='lat' dir='ltr'><strong>sententias,</strong></span> <span class='ocrx_word' id='word_1_312' title='bbox 522 3355 633 3434; x_wconf 78' lang='lat' dir='ltr'><strong>quibus</strong></span> <span class='ocrx_word' id='word_1_313' title='bbox 653 3355 761 3434; x_wconf 88' lang='lat' dir='ltr'><strong>placet</strong></span> <span class='ocrx_word' id='word_1_314' title='bbox 785 3353 877 3413; x_wconf 88' lang='lat' dir='ltr'><strong>semel</strong></span> <span class='ocrx_word' id='word_1_315' title='bbox 904 3353 942 3413; x_wconf 88' lang='lat' dir='ltr'><strong>de</strong></span> <span class='ocrx_word' id='word_1_316' title='bbox 965 3359 1029 3414; x_wconf 91' lang='lat' dir='ltr'><strong>toto</strong></span> <span class='ocrx_word' id='word_1_317' title='bbox 1053 3369 1089 3412; x_wconf 85' lang='lat' dir='ltr'><strong>re</strong></span> 
     </span>
     <span class='ocr_line' id='line_1_39' title="bbox 40 3433 1086 3538; baseline 0 -42"><span class='ocrx_word' id='word_1_318' title='bbox 40 3433 216 3518; x_wconf 83' lang='lat' dir='ltr'><strong>aliquid</strong></span> <span class='ocrx_word' id='word_1_319' title='bbox 224 3439 384 3516; x_wconf 84' lang='lat' dir='ltr'><strong>constitui,</strong></span> <span class='ocrx_word' id='word_1_320' title='bbox 416 3457 455 3500; x_wconf 88' lang='lat' dir='ltr'><strong>ne</strong></span> <span class='ocrx_word' id='word_1_321' title='bbox 469 3457 590 3538; x_wconf 86' lang='lat' dir='ltr'><strong>semper</strong></span> <span class='ocrx_word' id='word_1_322' title='bbox 606 3441 685 3516; x_wconf 83' lang='lat' dir='ltr'><strong>inter</strong></span> <span class='ocrx_word' id='word_1_323' title='bbox 700 3458 785 3518; x_wconf 89' lang='lat' dir='ltr'><strong>spem</strong></span> <span class='ocrx_word' id='word_1_324' title='bbox 800 3445 828 3498; x_wconf 89' lang='lat' dir='ltr'><strong>et</strong></span> <span class='ocrx_word' id='word_1_325' title='bbox 840 3445 949 3500; x_wconf 91' lang='lat' dir='ltr'><strong>metum</strong></span> <span class='ocrx_word' id='word_1_326' title='bbox 961 3435 1086 3517; x_wconf 75' lang='lat' dir='ltr'><strong>fluctue-</strong></span> 
     </span>
     <span class='ocr_line' id='line_1_40' title="bbox 85 3519 1089 3606; baseline -0.001 -24"><span class='ocrx_word' id='word_1_327' title='bbox 85 3537 164 3582; x_wconf 87' lang='lat' dir='ltr'><strong>mur</strong></span> <span class='ocrx_word' id='word_1_328' title='bbox 209 3519 329 3584; x_wconf 82' lang='lat' dir='ltr'><strong>Licebit</strong></span> <span class='ocrx_word' id='word_1_329' title='bbox 346 3529 461 3601; x_wconf 88' lang='lat' dir='ltr'><strong>autem,</strong></span> <span class='ocrx_word' id='word_1_330' title='bbox 492 3524 634 3602; x_wconf 86' lang='lat' dir='ltr'><strong>siooles,</strong></span> <span class='ocrx_word' id='word_1_331' title='bbox 661 3523 815 3587; x_wconf 87' lang='lat' dir='ltr'><strong>Antoniae</strong></span> <span class='ocrx_word' id='word_1_332' title='bbox 831 3528 1089 3606; x_wconf 80' lang='lat' dir='ltr'><strong>qaoquenostrae</strong></span> 
     </span>
    </p>
   </div>
   <div class='ocr_carea' id='block_1_4' title="bbox 0 0 1238 3896">
    <p class='ocr_par' dir='ltr' id='par_1_4' title="bbox 0 0 1238 3896">
     <span class='ocr_line' id='line_1_41' title="bbox 0 0 1238 3896; baseline 0 0"><span class='ocrx_word' id='word_1_333' title='bbox 0 0 1238 3896; x_wconf 95' lang='lat' dir='ltr'><strong> </strong></span> 
     </span>
    </p>
   </div>
   <div class='ocr_carea' id='block_1_5' title="bbox 81 3672 801 3788">
    <p class='ocr_par' dir='ltr' id='par_1_5' title="bbox 81 3672 801 3788">
     <span class='ocr_line' id='line_1_42' title="bbox 81 3672 801 3788; baseline 0.039 -113"><span class='ocrx_word' id='word_1_334' title='bbox 81 3672 84 3677; x_wconf 91' lang='lat'><em>.</em></span> <span class='ocrx_word' id='word_1_335' title='bbox 124 3682 472 3758; x_wconf 62' lang='lat' dir='ltr'><strong>petiminicot</strong></span> <span class='ocrx_word' id='word_1_336' title='bbox 496 3679 801 3788; x_wconf 37' lang='lat' dir='ltr'><strong>[,.,1rffi,}„÷wffij</strong></span> 
     </span>
    </p>
   </div>
  </div>
 </body>
</html>
