2450 3910
149 287 209 349 200
232 301 262 349 o.
279 301 428 349 sunnoru
446 301 573 360 uanuq
591 295 638 346 on
654 301 736 376 yrun
752 301 935 348 cassanum
949 302 1019 348 nus.
1037 300 1095 348 vn.

148 456 244 517 nuiliae
256 456 383 517 breviter
395 457 539 532 attingam.
578 456 633 531 Qui
648 458 755 535 primus
767 455 961 534 Sulpiciorum
974 473 1136 532 cognomen

150 539 258 603 Galbae
270 539 332 599 tulit
345 557 395 598 cur
406 549 453 598 aut
465 539 539 598 uude
552 542 680 616 traxerit,
694 540 855 618 ambigitur.
891 538 1011 615 Quidam
1029 548 1135 618 putant,

149 625 227 704 quod
239 623 375 702 oppidum
384 623 538 702 Hispaniae
550 623 655 684 frustra
667 624 715 684 diu
727 633 923 702 oppugnatum
930 623 1018 683 inlitis
1025 623 1136 682 demum

148 709 274 787 galbano
286 707 399 767 lacibus
411 706 608 778 succenderit;
622 708 686 785 alii,
701 707 778 787 quod
789 710 817 767 in
835 707 965 768 diuturna
984 707 1137 768 valitudine

148 792 273 870 galbeo,
286 791 315 850 id
326 801 371 852 est
381 791 517 851 remediis
527 791 592 851 lana
606 792 760 869 involutis,
774 792 889 854 assidue
906 801 1049 860 uteretur;
1068 806 1160 854 uon-t

148 876 229 952 uuili,
243 874 702 954 quodpraepinguisiueritvisus,
716 895 801 955 quem
812 875 926 954 galbam
935 875 1138 946 Gallivooent3

149 960 197 1022 vel
213 968 323 1036 contra,
337 960 414 1038 quod
426 959 586 1035 tamexilis,
599 978 683 1037 qnam
694 971 759 1020 suut
772 960 903 1021 animalia
913 961 1025 1037 quaein
1037 976 1136 1020 aescu-

148 1044 184 1105 lis
196 1052 350 1104 uascuntur
361 1043 602 1122 appellanturque
615 1045 730 1120 galbae.
752 1043 1137 1118 Familiam-illustrauitser·

148 1131 211 1188 vius
225 1127 314 1194 Galba
327 1128 503 1204 consularis,
515 1136 676 1206 temporum
694 1144 809 1188 suorum
828 1137 856 1187 et
875 1128 1137 1206 eloquentissimus,

149 1231 234 1313 quem
246 1211 359 1272 tradunt
370 1211 535 1290 Hispaniam
549 1230 586 1272 ex
602 1222 737 1290 practura
751 1213 943 1291 optinentem,
956 1213 1073 1289 triginta
1084 1210 1136 1270 hu·
1148 1231 1172 1270 ιο

149 1297 303 1357 sitauorum
315 1296 429 1356 milibus
441 1295 562 1374 perlidia
582 1297 742 1373 trucidatis,
762 1297 912 1357 Viriathini
936 1296 1006 1356 belli
1024 1313 1139 1358 causam

148 1382 288 1442 extitisse
331 1380 401 1440 Eius
419 1398 512 1459 nepos
533 1379 570 1439 ob
587 1382 732 1460 repulsam
749 1381 914 1441 consulatus
925 1381 1055 1441 infensus
1066 1378 1137 1438 lulio

149 1465 277 1541 Caesari,
294 1467 372 1526 errius
384 1465 518 1542 legatus
509 1483 538 1523 m
546 1462 637 1524 Galba
648 1466 742 1525 iuerat
745 1465 955 1544 ,conspiravit
958 1483 1022 1524 cum
1034 1455 1172 1524 Cassio
1186 1467 1196 1480 ”

1 1575 3 1648 p
149 1550 287 1625 etBruto,
301 1547 510 1647 propterquod
525 1547 612 1608 Pedia
623 1549 691 1623 lege
703 1511 850 1609 darhnatus
863 1557 915 1608 est
935 1549 981 1609 Ab
999 1548 1057 1609 hoc
1074 1555 1138 1606 sunt

148 1634 331 1712 imperatoris
350 1631 458 1692 Galbae
474 1650 545 1690 avus
561 1650 595 1693 ac
612 1643 708 1711 pater:
728 1652 797 1694 avus
818 1633 923 1693 clarior
942 1632 1041 1693 studiis
1054 1648 1138 1710 quam
1149 1649 1173 1689 rs

149 1717 287 1794 dignitate
301 1717 461 1794 (nonenim
477 1733 615 1792 egressus
629 1726 781 1795 praedurae
799 1716 935 1795 gradum)
952 1716 1138 1805 mtdtiplicem

148 1799 647 1861 neciucuriosamhistoriamedidit
641 1800 1030 1878 paterconsulatulunctus,
1061 1817 1125 1860 uam

150 1902 233 1964 quarn
245 1883 326 1942 brevi
338 1900 472 1962 corpore,
485 1893 570 1961 atque
583 1887 668 1944 etiam
679 1885 792 1964 gibber,
804 1885 1014 1963 modicaeque
1004 1819 1137 1946 iudicen-

148 1968 185 2028 do
198 1967 355 2044 facultatis,
369 1985 470 2028 causas
481 1967 619 2028 industrie
637 1972 773 2030 actitavit.
800 1970 918 2031 Uxores
934 1969 1032 2030 habuit
1049 1967 1137 2029 hlum-

146 2053 231 2113 miam
242 2051 408 2128 Achaicam,
421 2061 542 2130 neptem
550 2051 644 2114 Gatuli
659 2063 890 2133 proneptemque
906 2053 937 2114 h.
952 2053 1076 2129 Mummi,
1089 2051 1137 2129 qui
1147 2064 1175 2104 ²⁰

149 2135 315 2198 Corinthum
328 2135 448 2205 excidit;
465 2138 533 2196 item
550 2137 657 2197 Liviam
675 2137 834 2205 Ocellinam
847 2137 933 2197 ditem
945 2137 1095 2198 admodum
1109 2143 1139 2193 et

149 2221 305 2302 pulchram,
319 2239 335 2281 a
349 2239 403 2299 qua
415 2219 509 2282 taimen
522 2221 679 2283 nobilitatis
692 2241 778 2283 causa
790 2223 938 2321 appetitus
950 2221 1026 2282 ultro
1039 2219 1138 2281 existi-

148 2315 248 2382 matur,
265 2314 294 2365 et
305 2305 453 2382 aliquanto
466 2306 578 2364 enixius
590 2316 656 2384 post
671 2324 754 2384 quam
771 2306 892 2366 subinde
909 2306 1025 2366 instanti
1042 2305 1140 2364 vitium

149 2390 283 2468 corporis
295 2397 410 2450 secreto
423 2391 517 2468 posita
530 2398 612 2449 veste
624 2390 743 2468 detexit,
756 2409 791 2451 ue
805 2393 885 2468 quasi
896 2391 1024 2468 ignaram
1033 2388 1139 2450 fallere

149 2473 304 2533 videretur.
333 2472 379 2532 Ex
388 2471 517 2534 Achaica
529 2474 639 2535 liberos
652 2474 750 2535 Gaium
765 2483 794 2534 et
811 2475 954 2535 Servium
959 2473 1176 2553 procreatrices

150 2573 270 2635 quorum
281 2555 372 2616 maior
386 2555 473 2616 Gaius
486 2558 588 2618 attritis
599 2559 782 2619 facultatibus
795 2559 867 2620 urbe
886 2559 990 2636 cessit,
1010 2555 1138 2636 prohibi·

149 2651 252 2717 tusque
272 2656 288 2699 a
307 2639 423 2699 Tiberio
440 2642 537 2701 sortiri
555 2661 629 2703 anno
648 2661 700 2703 suo
719 2643 954 2722 proconsulatum
977 2640 1139 2704 voluntaria

148 2732 240 2784 morte
253 2723 332 2784 obiit.

121 2821 137 2873 l
208 2809 272 2868 Ser.
291 2806 381 2868 Galba
397 2807 469 2887 lmp
487 2810 525 2872 Μ.
543 2811 662 2871 Valerio
682 2811 824 2888 Messala,
845 2811 904 2873 GN
922 2763 1042 2872 Lentulo
1056 2826 1138 2871 cons.

135 2903 231 2955 uatus
249 2901 294 2952 cst
306 2892 396 2954 Vllll.
413 2893 460 2954 lll.
473 2893 556 2954 Ιιιιι.Ι
548 2914 576 2955 m
588 2895 656 2957 villa
669 2896 739 2956 colli
753 2898 937 2975 superposita
957 2912 1051 2975 prope
1066 2893 1138 2954 l'er-
1149 2899 1179 2940 ³⁰

76 2979 86 2992 ³
149 2977 288 3053 raoiuam,
307 2979 489 3038 smrstrorsus
502 2978 618 3040 Fundos
632 2979 811 3058 petentibus
830 2980 1040 3059 adoptatusque
1057 2994 1138 3038 ano·

122 3085 125 3090 ·
148 3079 235 3122 verca
248 3079 299 3121 sua
310 3060 370 3121 hivi
379 3080 483 3122 nomen
496 3071 524 3122 et
535 3063 655 3124 Ocellae
668 3081 830 3141 cognomen
844 3064 1012 3143 assumpsit,
1030 3069 1139 3125 mutato

150 3147 351 3244 praenomine;
368 3165 432 3206 nam
447 3146 564 3207 Lucium
579 3166 648 3208 mox
668 3164 721 3227 pro
741 3149 843 3209 Servio
861 3167 952 3226 usque
971 3148 1008 3208 ad
1023 3157 1140 3225 tempus

149 3229 261 3326 imperii
279 3234 437 3309 usurpavit.
468 3230 588 3292 Constat
599 3232 760 3308 Augustum
777 3251 868 3311 puero
887 3232 988 3310 adbuc,
1005 3231 1139 3293 salutanti

150 3327 183 3370 se
199 3312 272 3371 mter
283 3331 317 3373 ac
359 3314 421 3375 ales
429 3315 638 3413 apprehensa
654 3315 777 3376 buccula
797 3316 922 3378 dixisse.
940 3309 1007 3378 Kal
1023 3304 1065 3374 συ
1083 3308 1180 3374 cel-as

151 3411 233 3454 κνον
250 3390 307 3492 τῇς
345 3387 528 3478 ρχῆςὴμῶν
546 3390 752 3480 παρατριὶξη.
786 3400 845 3460 Sed
865 3410 894 3460 et
909 3399 1053 3477 Tiberius,
1074 3416 1140 3459 cum

152 3477 343 3573 comperisset
354 3482 556 3560 imperaturum
568 3502 631 3544 eum
643 3501 741 3543 verum
754 3485 781 3542 in
799 3493 925 3561 senecta,
944 3482 1037 3544 Vivat
1049 3499 1138 3559 sune,

151 3557 206 3634 ait,
222 3559 345 3637 quoodo
358 3564 392 3624 id
403 3565 447 3624 od
458 3583 516 3625 nos
530 3566 606 3626 nihil
614 3567 760 3642 pertinet
756 3569 765 3610 l
791 3567 856 3627 Avo
871 3585 989 3646 quoque
1005 3569 1066 3627 eius
1084 3566 1140 3626 lul·

54 2287 136 2342 wll
