2466 3896
132 163 192 222 126
221 172 251 220 c.
267 171 416 220 sunnonis
432 169 559 228 nanno.
574 170 622 216 nn
636 169 718 216 vrnn
736 168 917 218 cnnsnnum
932 170 1000 217 ura.
1014 170 1080 219 1111.

129 331 169 392 lJt
188 329 283 390 levior
303 323 386 385 labor
402 321 590 383 iudicantibus
606 323 696 399 foret,
717 321 753 384 ad
771 331 904 402 quattuor
922 325 1028 402 prioris
1044 327 1125 404 quin·

130 424 187 474 tam
202 410 346 471 decuriam
362 406 476 468 addidit.
512 405 674 485 Temptavit
697 415 725 465 et
743 409 921 467 comitiorum
940 425 1022 468 more
1038 426 1124 470 revo-

131 507 196 557 cato
209 494 344 569 suffragia
361 491 472 571 populo
491 490 624 550 reddere.
652 489 760 568 Legata
779 509 816 551 ex
836 500 1006 553 testamento
1024 492 1125 554 Tiberi

130 594 297 659 quamquam
317 576 444 653 abolito,
469 574 521 634 sed
540 583 570 635 et
588 574 677 635 Iuliae
696 574 862 653 Augustae,
891 576 969 654 quod
990 576 1125 638 l'iberins

130 669 346 742 suppresserat,
373 677 436 719 oum
457 659 513 719 lide
534 677 568 718 ao
589 661 650 718 sine
663 658 801 720 calumnia
821 669 1038 739 repraesentata
1056 679 1147 741 per-c

130 747 225 809 soluit.
262 744 493 804 Ducentesimam
515 744 677 803 auctionum
697 741 797 804 ltaliae
815 745 938 815 remisit;
965 745 1061 806 multis
1083 747 1125 805 in·

131 829 295 893 cendiornm
324 828 424 888 damna
453 827 613 906 supplerit;
637 845 671 887 ac
698 828 722 887 si
747 827 851 906 quibus
875 846 966 906 regna
989 831 1125 907 restituit,

131 915 235 977 adiecit
256 921 286 974 at
312 913 435 972 fructum
458 929 570 971 omnem
597 911 818 988 uectigaliorum
839 921 869 972 et
897 913 1018 973 reditum
1038 912 1125 974 medii

129 999 284 1078 temporis,
308 1007 338 1056 ut
359 996 504 1057 Antiocho
528 994 723 1073 Commageno
751 998 915 1057 sestertium
941 996 1034 1057 milies
1055 1016 1124 1072 ¹con-

130 1085 269 1145 fiscatum.
304 1082 428 1160 Quoque
442 1080 535 1157 magis
549 1080 654 1139 nullius
669 1097 727 1138 non
747 1079 815 1139 boni
834 1081 959 1161 exempli
969 1081 1070 1142 ¹lautor
1083 1083 1123 1140 ri·
1136 1097 1160 1139 ru

130 1169 262 1244 deretur,
285 1165 397 1225 mulieri
420 1165 571 1224 libertinae
593 1166 742 1241 octoginta
764 1163 895 1242 donavit,
921 1164 1000 1243 quod
1020 1184 1124 1226 excru-

131 1256 204 1312 ciata
231 1251 409 1327 gravissimis
438 1251 587 1308 tormentis
608 1248 643 1308 de
674 1249 788 1309 scelere
813 1251 927 1328 patroni
947 1251 1122 1310 reticuisset.

130 1338 208 1412 Quas
233 1335 270 1393 ob
286 1353 334 1394 res
355 1335 429 1393 inter
449 1333 580 1412 reliquos
597 1333 724 1393 bonores
741 1332 876 1392 decretus
897 1342 942 1392 est
963 1335 990 1393 ei
1011 1334 1124 1412 clipeus

130 1438 247 1494 aureus,
269 1436 353 1497 quem
371 1425 441 1497 qnot
463 1419 544 1478 annis
575 1427 655 1477 certo
682 1417 728 1476 die
748 1417 874 1494 collegia
896 1417 1079 1478 sacerdotum
1095 1419 1124 1476 in

130 1502 303 1581 Capitolium
321 1503 444 1576 ierrent,
470 1511 571 1561 senatu
591 1509 803 1580 prosequente,
833 1500 1034 1581 nobilibusque
1054 1519 1158 1580 pue-rs

128 1591 169 1647 ris
185 1603 220 1646 ac
236 1584 340 1662 puellis
356 1585 481 1644 carmine
500 1584 643 1644 modulato
666 1583 765 1645 laudes
782 1587 914 1645 virtutum
936 1587 997 1646 eius
1019 1604 1122 1645 canen·

129 1670 213 1731 tibus.
235 1668 390 1726 Decretum
412 1676 503 1727 autem
520 1677 550 1727 ut
565 1667 641 1743 dies,
662 1686 719 1747 quo
733 1670 861 1747 cepisset
882 1671 1047 1749 imperium,
1071 1669 1122 1729 l'a·

128 1753 192 1814 rilia
219 1759 386 1828 vocaretur,
419 1750 498 1810 velut
528 1761 721 1828 argumentum
745 1771 843 1813 rursus
873 1754 1005 1814 conditae
1033 1753 1122 1813 urbis.

89 1845 120 1900 tt
193 1834 365 1896 Consulatus
380 1843 513 1914 quattuor
526 1836 634 1912 gessit,
654 1838 774 1914 primum
787 1856 824 1896 ex
838 1837 884 1897 Kl.
907 1837 959 1898 lul.
983 1856 1036 1916 per
1051 1837 1122 1899 duos
1214 1823 1215 1901 l

128 1939 259 1995 menses,
284 1919 439 1979 secundum
459 1937 496 1979 ex
517 1919 563 1979 Kl.
578 1919 638 1979 lan·
663 1939 717 1999 per
740 1939 809 1981 xxx.
829 1922 907 1999 dies,
938 1923 1051 1982 tertium
1075 1941 1159 1982 usto

129 2024 184 2085 que
201 2007 228 2064 in
246 2003 313 2064 Idus
328 2004 397 2081 Iam,
414 2013 543 2083 quartum
558 2021 648 2082 usque
668 2007 818 2084 septimum
836 2005 901 2065 Idus
916 2005 1043 2066 easdem.
1077 2005 1124 2065 Ex

129 2089 260 2149 omnibus
285 2089 356 2149 duos
383 2090 556 2149 novissimos
575 2090 730 2148 coniunxit.
763 2089 889 2150 'lentium
909 2099 1002 2150 autem
1026 2091 1121 2166 Lugu·
1213 2103 1214 2164 t

129 2175 194 2234 duni
216 2175 276 2233 iniit
293 2173 391 2251 solus,
413 2191 470 2234 non
492 2182 522 2232 ut
539 2173 651 2253 quidam
678 2174 830 2252 opinantur
859 2174 994 2252 superbia
1021 2173 1122 2251 negle-

128 2261 279 2335 gentiaue,
301 2256 354 2316 sed
376 2258 453 2335 quod
470 2256 633 2317 defunctum
654 2257 706 2316 sub
723 2256 913 2318 Kalendarum
935 2257 1009 2317 diem
1031 2257 1122 2316 colle-

128 2358 194 2417 gam
215 2343 341 2401 rescisse
362 2340 467 2401 absens
488 2358 545 2401 non
567 2350 707 2419 potuerat.
744 2339 928 2418 Congiarium
950 2342 1060 2423 populo
1077 2340 1121 2400 bis
1132 2361 1160 2401 us
1212 2327 1213 2386 l

128 2423 207 2483 dedit
223 2433 359 2483 trecenos
389 2427 555 2503 sestertios,
589 2426 693 2484 totiens
714 2424 982 2486 abundantissimum
1008 2425 1123 2504 epulum
1212 2393 1213 2487 l

129 2509 239 2566 senatui
259 2509 443 2586 equestrique
465 2508 567 2585 ordini,
585 2510 669 2570 etiam
691 2510 860 2587 coniugibus
876 2529 911 2571 ee
928 2510 1027 2570 liberis
1044 2517 1122 2568 utro·

128 2609 261 2669 rumque;
284 2593 447 2668 posteriore
464 2593 550 2670 epulo
571 2594 699 2653 lorensia
718 2595 835 2672 insuper
852 2597 937 2671 viris,
959 2595 1072 2675 ieminis
1088 2611 1122 2653 ac

128 2677 227 2755 pueris
244 2675 351 2735 fascias
372 2694 516 2754 purpurae
538 2696 572 2738 ac
594 2677 738 2753 conchylii
753 2677 902 2738 distribuit.
934 2677 971 2738 Et
994 2685 1026 2737 nt
1041 2677 1121 2737 laeti·
1211 2725 1212 2752 ,

128 2762 194 2820 tiam
214 2759 358 2839 publicam
379 2762 407 2818 in
427 2770 596 2840 perpetuum
616 2779 732 2840 quoque
754 2772 889 2840 ungeret,
918 2762 1022 2822 adiecit
1048 2760 1157 2820 diemso
1211 2759 1212 2770 ¹

129 2845 325 2904 Saturnalibus
345 2844 560 2923 appellavitque
581 2846 755 2907 Iuvenalem.

90 2937 120 2992 18
186 2929 305 2989 Munera
324 2927 505 3006 gladiatoria,
520 2932 621 3008 partim
637 2931 665 2988 in
686 2928 892 3008 amphitheatro
915 2929 1000 2991 'lauri
1021 2930 1120 3008 partim

128 3013 155 3070 in
173 3012 287 3091 Septis,
319 3012 427 3091 aliquot
452 3012 554 3090 edidit,
575 3014 676 3092 quibus
692 3015 810 3075 inseruit
832 3024 964 3076 catervas
984 3012 1120 3073 Afrorum

128 3094 394 3174 Campanorumque
418 3098 546 3177 pugilum
571 3116 608 3157 ex
636 3107 754 3175 utraque
784 3099 903 3176 regione
930 3098 1119 3159 electissimo-

127 3196 198 3237 rum.
233 3179 335 3258 Neque
355 3181 531 3259 spectaculis
551 3200 666 3260 semper
685 3183 749 3260 ipse
773 3183 934 3260 praesedit,
963 3181 1014 3242 sed
1035 3181 1155 3240 inter-ss

128 3259 194 3319 dum
210 3270 256 3320 aut
273 3265 485 3340 magistratibus
501 3274 547 3326 aut
564 3266 660 3326 amieis
681 3265 862 3344 praesidendi
877 3285 976 3327 munus
991 3265 1119 3325 iniunxit.

128 3343 287 3403 Scaenioos
306 3345 389 3406 ludos
414 3359 441 3408 et
464 3349 576 3410 assidue
604 3357 632 3408 et
655 3349 726 3409 varii
746 3353 864 3427 generis
884 3370 918 3411 ae
940 3349 1120 3410 multifariam

127 3424 213 3502 iecit,
236 3427 376 3506 quondam
398 3441 427 3490 et
446 3442 616 3508 nocturnos,
638 3434 769 3493 accensis
788 3442 848 3495 totu
866 3434 937 3495 urbe
957 3432 1117 3494 luminibus.
