2392 3926
148 230 209 294 278
417 241 447 288 c.
469 237 634 287 sunuorur
656 235 870 297 rnanuunu

147 391 183 460 δὲ
201 390 257 459 καὶ
281 385 360 469 τοάς
380 384 627 475 ἀστραγάλους,
651 392 686 453 οἳ
705 386 761 453 καλ
778 380 908 471 ἀστριες
928 383 985 452 καί
1002 379 1160 473 ἀστριχοι

145 478 303 561 λέγονταί
346 493 445 561 φησι,
472 469 612 548 πτόσεις
632 471 773 537 ἕκαστον
793 473 880 554 ἔχειν
901 470 1069 555 τέσσαρας
1084 467 1158 536 κατ’

145 557 326 627 ἀντίθετον
341 557 560 644 συγκειμένας
571 549 694 640 ὁμοίως
707 551 810 642 κύβῳ.
833 559 947 637 έχουσι
962 554 1016 636 δέ,
1035 573 1157 640 φησιν,

146 640 358 728 ἀντικείμενα
368 640 500 728 μονάδα
516 640 571 708 καὶ
588 637 698 723 ἑξάδα,
711 637 781 704 εἶτα
794 637 913 724 τριάδα
927 635 982 704 καὶ
996 637 1156 723 τετράδα.

144 719 1174 899 ιιλιλααιιαααλκιλιιλι”,ιλλακκαῖα5

145 889 224 972 τοδς
245 890 474 984 ἀστραγάλους
495 890 654 961 πτώσεων
674 894 711 957 αί
728 890 790 976 μὲν
805 895 898 958 θεῶν
913 896 998 959 εἰσιν
1019 890 1159 958 ἐπώνυ-

145 1007 224 1068 μοι,
251 983 288 1046 αι’
307 979 344 1048 δὲ
365 975 502 1068 ἡρώων,
527 974 619 1043 αἰδὲ
657 976 811 1060 ασιλέωυ,
827 979 864 1042 αί
878 974 915 1044 δὲ
930 973 1083 1056 ἐνδόξων
1095 973 1159 1044 ἀν-

146 1069 253 1153 δρῶν,
272 1067 308 1130 αί
320 1063 357 1131 δὲ
373 1066 557 1149 ἑταιρίδων.
584 1066 617 1127 Λ
633 1084 725 1145 γεται
739 1060 779 1126 δέ
789 1085 838 1137 τις
852 1062 889 1127 ἐν
904 1053 1035 1144 αὐταῖς,
1061 1080 1157 1147 φησι,

145 1149 201 1216 καὶ
222 1154 444 1236 Στησίχορος,
468 1145 522 1213 καὶ
543 1145 638 1228 ἑτέρα
658 1137 852 1230 Εὐριπίδης.
870 1141 942 1211 Ἔτι
961 1143 1056 1229 λέγει
1070 1146 1184 1219 έκεΐριι

145 1258 205 1310 νος
225 1225 244 1300 ὁ
266 1229 315 1299 τά
337 1231 512 1319 περὶτῆς
531 1223 1007 1313 καθ’Ἕλληναςπαιδιάς
1021 1227 1160 1315 γράψας

145 1319 203 1385 κάλ
218 1311 270 1384 ότι
284 1320 352 1384 τῶν
369 1310 453 1384 κατά
474 1307 555 1391 τοδς
569 1308 800 1399 ἀστραγάλους
820 1311 934 1398 βόλων
951 1306 969 1380 ὁ
977 1310 1048 1418 μὲν
1063 1308 1106 1380 τά
1125 1317 1159 1394 ’ἐξ

147 1398 338 1484 δυνάμενος
359 1403 455 1492 Κῷος
475 1398 531 1466 καὶ
553 1398 656 1483 ἑξέτης
679 1396 829 1482 ἐλέγετο,
856 1391 875 1466 ὁ
897 1395 934 1463 δὲ
953 1422 991 1464 το
1006 1399 1047 1462 ἓν
1061 1404 1157 1480 Χῖος,

111 1517 117 1528 ·
146 1485 246 1553 ἔτιδὲ
262 1485 317 1551 καὶ
333 1482 436 1552 κάων.
457 1478 541 1550 ὅθεν
555 1487 614 1549 καί
625 1507 674 1559 τις
688 1487 866 1566 παροιμία·
888 1488 968 1558 Χῖος
981 1477 1159 1566 παραστάς

148 1571 248 1659 Κῷον
263 1565 328 1637 οὐκ
345 1567 444 1653 ἐάσω,
459 1557 499 1652 ἧς
514 1567 687 1652 μέμνηταί,
705 1585 799 1652 φησι,
815 1563 978 1649 Στράττις
991 1567 1029 1632 έν
1046 1567 1114 1656 τῷ·
1168 1601 1187 1641 1⁵

313 1660 394 1731 Χῖος
404 1649 574 1738 παραστάς
587 1652 689 1739 Κῷον
706 1647 770 1718 οόκ
783 1652 822 1739 ἐᾷ
834 1651 961 1734 λέγειν·

144 1743 246 1802 Ἔνθα
260 1737 469 1822 ἐνθυμητέον
483 1735 538 1802 καὶ
553 1729 591 1801 τό
605 1737 667 1801 του
680 1737 845 1820 κωμικοῦ·

211 1821 384 1887 πέπτωκεν
398 1821 459 1900 ἔξω
474 1822 543 1885 των
560 1821 688 1902 κακῶν,
703 1814 746 1886 ot}
762 1825 842 1896 Χῖος
856 1812 942 1884 ἀλλά
955 1824 1069 1904 Κεῖος,

147 1903 203 1970 καὶ
224 1898 428 2010 νοητέονρώς
449 1896 469 1990 ἢ
494 1909 655 2006 ἔσφαλται
674 1899 700 1988 η’
709 1898 822 1990 γραφὴ
841 1904 905 1969 τοῦ
917 1908 1016 1980 Κεῖος
1032 1900 1057 1992 ἢ
1071 1901 1160 1972 ἀλλα

235 1987 242 2007 ί

146 1984 1186 2158 ttttitttttttttittittntitiitttttituit?²⁰

147 2154 205 2235 δός
220 2183 252 2225 τι
274 2163 412 2244 κυβείας
425 2156 481 2225 καὶ
495 2154 606 2241 πόλις,
625 2156 662 2222 ἐν
677 2143 715 2246 ᾖ,
730 2153 854 2243 ψήφων
868 2157 1002 2222 πολλῶν
1019 2159 1059 2226 ἐν
1082 2161 1160 2226 δια-

147 2243 391 2328 γεγραμμέναις
414 2241 480 2308 τισὶ
499 2239 619 2328 χώραις
638 2241 820 2326 κειμένων,
841 2241 968 2324 ἐγένετο
992 2234 1161 2312 invavas-

147 2342 248 2406 ρεσις.
278 2326 333 2393 καὶ
357 2327 538 2393 ἐκαλοῦντο
565 2328 602 2391 αί
621 2322 684 2410 μέν
709 2322 890 2411 γραμμικαὶ
915 2326 1018 2408 χῶραι
1040 2325 1161 2406 πόλεις

148 2405 373 2495 ἀστειότερον,
395 2413 433 2477 αἱ
443 2408 480 2476 δὲ
496 2405 840 2494 ἀντεπιβουλεόουσαι
861 2403 1020 2492 ἀλλήλαις
1046 2413 1186 2498 ψῆφοικ

148 2489 249 2643 ιὸόνες
273 2489 328 2559 διά
356 2488 393 2560 τό
419 2496 526 2579 δῆθεν
552 2488 695 2571 ἀναιδές.
746 2495 932 2560 Eustutitius
958 2498 1002 2558 ud
1024 2499 1162 2564 Homeri

177 2581 295 2642 desi
322 2592 388 2645 107.

195 2600 242 2727 ΞΙΙΙ.
280 2627 385 2743 ίΙερὶ
412 2663 491 2727 τεόν
511 2656 853 2748 παράῬωμαίοις
872 2663 1066 2744 δεωριαῖν
1090 2665 1160 2731 καὶ

148 2739 317 2830 ἀγόνων
335 2749 481 2830 βιβλία
504 2743 546 2831 β.
589 2749 718 2812 Suedas.

212 2835 303 2911 Quum
324 2851 385 2895 rern
404 2837 498 2898 etalii
517 2836 595 2898 docti
609 2838 663 2896 viri
680 2845 708 2896 et
725 2836 881 2896 Suetonius
900 2837 984 2897 etiarn
999 2836 1186 2917 Tranquil-rt

148 2919 1161 3002 lnsinlibroludieruehistoriaeprinrosatiscompertnm

149 3022 217 3064 esse
234 3005 363 3083 satisque
379 3023 468 3084 super
491 3022 527 3064 ea
544 3013 679 3066 constare
699 3004 843 3065 adfirmat:
864 3007 978 3065 nervias
1000 3006 1029 3065 in
1050 3007 1160 3067 iidibns

149 3087 269 3149 hrnrnuli
283 3088 330 3148 die
345 3087 418 3149 alias
433 3089 532 3166 digitis
548 3088 634 3169 pelli,
650 3089 722 3150 alias
739 3106 855 3149 sonare.
885 3087 1001 3149 Gellius
1018 3097 1045 3164 9,
1061 3099 1088 3154 ⁷.

212 3172 251 3233 lit
265 3173 304 3232 eit
318 3172 474 3233 Suetonius
489 3173 687 3252 Tranquillus,
703 3173 783 3233 lusus
799 3175 863 3252 ipse
880 3190 965 3251 quern
982 3173 1075 3252 vulgo
1089 3195 1159 3254 pyr-

150 3253 258 3313 riehum
272 3256 420 3334 appellent
437 3257 523 3318 Troia
541 3266 677 3333 vocatur,
696 3259 775 3318 cuins
791 3258 932 3334 originem
949 3262 1102 3336 expressit
1126 3263 1185 3318 inu

151 3333 248 3474 λβοότο
270 3337 310 3397 de
332 3357 529 3415 puerorum
553 3341 710 3402 lusibus.
745 3339 875 3402 Servius
896 3341 941 3401 σό
970 3339 1157 3421 Verum.

174 3460 180 3486 ,
219 3424 264 3475 02.

215 3496 356 3559 Lndornm
371 3505 455 3579 erige
473 3506 516 3564 sie
529 3506 657 3566 traditur.
708 3509 805 3584 Lydes
826 3526 863 3568 ex
883 3507 953 3567 Asia
980 3515 1160 3568 transvenas
