2466 3896
487 231 659 280 ursmarus.
1011 219 1069 279 115

77 405 155 467 pone
175 387 340 465 occipitium
366 387 559 448 summissiore
580 396 610 446 nt
634 388 777 447 cervicem
797 385 881 446 etiam
907 384 1071 463 obtegeret,

77 470 155 552 quod
173 470 282 548 gentile
301 473 328 530 in
346 471 397 530 illo
419 471 584 538 ridebatur3
607 471 683 530 facie
703 469 835 548 honesta,
858 471 886 529 in
905 487 961 548 qua
977 478 1072 529 tamen

7 593 14 606 ·
78 553 174 614 crebri
196 563 224 614 et
247 553 331 614 subiti
356 563 501 632 tumores,
525 571 588 613 cnm
609 554 837 633 praegrandibus
852 554 945 613 oculis
964 563 993 613 et
1013 554 1071 633 qni,

77 638 155 718 qnod
176 639 275 697 mirum
298 647 387 716 esset,
411 648 498 699 noctu
521 640 605 697 etiam
627 647 656 697 et
672 637 842 698 intenebris
859 638 1000 716 viderent,
1020 637 1073 699 sed

53 722 113 783 tad
135 721 226 781 breve
249 730 277 780 et
300 740 362 782 cum
383 723 539 802 primumn
563 738 664 782 somno
688 724 861 800 patuissent;
885 722 989 781 deinde
1011 741 1071 782 rur·

76 825 138 866 sum
160 805 367 866 hebescebant.
398 806 558 867 Incedebat
581 807 698 865 cervice
720 806 812 883 rigida
837 814 866 865 et
882 805 1006 884 obstipa,
1024 806 1071 866 ad·

75 891 163 950 ducto
192 889 255 949 iere
283 889 377 968 vultu,
405 891 576 969 plerumque
603 891 724 967 tacitus,
754 889 833 949 nullo
855 899 903 949 aut
926 891 1072 951 rarissimo

7 971 9 988 '
75 976 161 1034 etiam
194 991 257 1033 cnm
284 976 423 1052 proximis
446 992 580 1034 sermone
608 990 704 1053 eoque
727 974 905 1050 tardissimo,
928 992 984 1033 nec
1009 976 1072 1034 sine

73 1056 155 1118 molli
177 1057 296 1136 quadam
320 1057 472 1135 digitorum
491 1058 723 1136 gesticulatione.
753 1059 834 1134 Quae
852 1060 944 1117 omnia
961 1058 1072 1135 ingrate

42 1151 161 1221 roatque
183 1143 366 1218 arrogantiae
390 1142 476 1222 plena
499 1152 527 1202 et
549 1141 746 1203 animadvertit
765 1141 913 1218 Augustus
934 1143 962 1199 in
984 1158 1021 1201 eo
1045 1149 1074 1200 et

73 1243 217 1287 excusare
238 1226 386 1305 temptavit
409 1244 500 1305 saepe
522 1226 597 1306 apud
620 1234 749 1286 senatum
771 1242 805 1285 ac
826 1224 977 1304 populum,
1005 1242 1071 1303 pro-

72 1310 171 1370 fessus
193 1318 311 1368 naturae
334 1309 402 1369 vitia
424 1327 507 1388 esse,
539 1327 596 1370 non
619 1312 712 1370 animi.
746 1309 911 1370 Valitudine
934 1325 1071 1387 prosper·

71 1397 143 1455 rima
173 1410 242 1452 usus
272 1401 335 1471 est,
362 1402 495 1472 ternpore
527 1394 640 1472 quidem
669 1395 849 1472 principatus
883 1410 976 1471 paene
1010 1400 1097 1451 toto.

7 1487 11 1496 ’
71 1493 170 1558 prope
197 1476 322 1553 inlaesa,
353 1480 482 1555 quamvis
504 1496 520 1537 a
542 1479 689 1539 tricesimo
715 1479 817 1538 aetatis
838 1494 913 1536 anno
935 1474 1072 1536 arbitratu

38 1578 138 1624 neam
162 1577 214 1619 sno
238 1561 347 1621 rexerit
369 1560 432 1620 sine
454 1560 616 1622 adiumento
638 1562 798 1621 consiliove
820 1561 1007 1621 medicorum.

137 1641 221 1704 (lirca
244 1643 316 1704 deos
337 1662 373 1706 ac
393 1645 552 1724 religiones
574 1646 787 1723 neglegentior,
811 1646 919 1725 qnippe
941 1644 1112 1720 addictusgg

68 1727 291 1789 mathematicae
313 1728 474 1809 plenusque
497 1731 708 1810 persuasionis,
731 1738 833 1790 cuncta
854 1730 914 1790 lato
932 1731 990 1807 agi.
1014 1729 1071 1790 Το-

7 1821 9 1832 ’
68 1814 165 1872 nitrua
197 1818 290 1870 tamen
323 1822 440 1891 praeter
466 1815 581 1874 modum
611 1812 828 1894 apparescebat
856 1823 885 1873 et
913 1813 1071 1874 turbatiore

71 1895 158 1956 caelo
176 1913 327 1973 numquam
347 1913 405 1956 non
428 1914 562 1958 coronam
582 1898 708 1958 lauream
725 1899 821 1975 capite
839 1899 975 1975 gestavit,
994 1897 1071 1976 quod

36 1993 61 2034 ao
70 1979 192 2039 fulmine
215 1978 306 2038 alilari
328 1990 451 2056 negetur
471 1981 498 2040 id
520 1998 612 2057 genus
635 1979 755 2039 frondis.

77 2075 87 2087 ·“
133 2061 222 2121 Artes
253 2062 390 2122 liberales
412 2064 558 2142 utriusque
585 2065 702 2141 generis
731 2063 940 2124 studiosissime
970 2064 1067 2124 coluit.
1077 2073 1111 2130 to
1182 2061 1188 2076 ⁸

70 2146 104 2206 ln
132 2146 263 2206 oratione
283 2146 380 2207 Latina
408 2155 523 2206 secutus
545 2156 589 2206 est
608 2145 761 2207 Corvinum
782 2147 953 2225 hlessalam,
985 2165 1070 2226 quem

72 2247 173 2291 senem
196 2229 369 2290 adulescens
389 2230 567 2291 observarat.
599 2230 657 2290 Sed
678 2230 874 2292 adfectatione
896 2241 927 2290 et
948 2234 1068 2292 morosi·

72 2323 131 2374 tate
148 2315 232 2374 nimia
251 2314 424 2375 obscurabat
441 2314 546 2392 stilum,
567 2324 596 2375 ut
615 2314 761 2393 aliquanto
781 2333 818 2375 ex
835 2324 967 2398 tempore
985 2335 1070 2396 quam

38 2417 89 2458 raa
120 2415 188 2459 cura
214 2399 404 2476 praestantior
424 2398 587 2459 haberetur.
618 2397 788 2477 Composuit
813 2408 842 2459 et
865 2417 979 2461 carmen
1001 2401 1068 2477 lyri-

73 2499 153 2559 cum,
183 2484 262 2542 cuius
285 2491 329 2542 est
350 2482 447 2543 titulus
471 2481 656 2562 Conqrrestio
675 2483 714 2543 de
734 2490 831 2545 morte
848 2481 884 2544 L.
897 2483 1066 2558 ‘Caesarie

70 2565 154 2625 Fecit
172 2574 201 2624 et
219 2565 328 2626 Graeca
350 2575 483 2646 poemata
506 2567 628 2628 imitatus
637 2565 862 2646 tnuphononem
885 2578 915 2629 et
928 2571 1067 2632 Rhianum
1088 2591 1124 2623 ιι·

72 2660 100 2708 et
124 2647 320 2725 Parthenium,
343 2651 445 2729 quibus
469 2653 564 2729 poetis
585 2652 737 2714 admodum
759 2653 935 2732 delectatus,
959 2656 1068 2734 scripta
1089 2663 1122 2708 cc

72 2729 213 2795 omninml
225 2740 254 2792 et
282 2735 422 2812 imagines
450 2735 575 2813 publicis
597 2736 782 2798 bibliothecis
805 2739 879 2797 inter
899 2747 1015 2799 veteres
1039 2745 1068 2797 et
1103 2735 1117 2775 ‘t

37 2817 249 2895 sopraecipuos
271 2827 406 2879 auctores
429 2818 580 2898 dedicavit,
603 2829 633 2881 et
655 2820 693 2881 ob
716 2820 773 2882 hoc
795 2822 928 2900 plerique
943 2822 1067 2881 erudito·

70 2918 130 2960 rum
148 2904 277 2961 certatim
293 2901 327 2961 ad
350 2922 415 2964 enm
433 2903 519 2964 multa
538 2904 574 2964 de
589 2903 634 2964 his
650 2904 808 2966 ediderunt.
833 2905 956 2967 blaxime
972 2915 1067 2965 tamen

9 3043 13 3050 ,
71 2985 182 3044 curavit
204 2986 331 3046 notitiam
353 2986 492 3048 historiae
513 2987 650 3048 fabularis
672 3007 764 3068 usque
787 2990 822 3050 ad
838 2990 962 3067 ineptias
980 2998 1066 3067 atque

70 3068 212 3138 derisum:
236 3087 300 3130 nam
322 3079 351 3130 et
373 3073 592 3150 grammaticos,
617 3073 694 3151 qnod
716 3091 808 3150 genus
825 3074 967 3133 hominum
983 3091 1065 3152 prae·
1152 3120 1154 3124 .

71 3154 167 3231 cipue,
189 3161 221 3212 ut
242 3153 373 3233 diximus,
395 3156 560 3234 appetebat,
582 3156 742 3217 eiusmodi
764 3158 827 3218 lere
851 3155 1066 3235 quaestionibus

36 3255 60 3294 as
70 3236 291 3315 experiebatur,
321 3257 401 3318 quoe
421 3247 519 3301 mater
541 3239 703 3317 Hecubae,
727 3241 810 3320 quod
829 3237 943 3301 Achilli
958 3257 1066 3302 nomen

69 3321 150 3381 inter
168 3321 305 3400 virginee
324 3322 453 3401 fnisset,
477 3324 551 3404 quid
563 3324 689 3386 Sirenes
703 3331 830 3386 cantare
851 3324 912 3385 sint
933 3325 1065 3386 solitae?

70 3403 106 3464 Et
130 3424 187 3484 quo
211 3408 330 3484 primum
351 3408 397 3469 die
416 3417 483 3488 post
505 3426 656 3470 excessum
669 3409 793 3487 Augusti
816 3410 920 3469 curiam
942 3410 1064 3486 intravit,

72 3489 154 3567 quasi
189 3490 289 3568 pietati
327 3492 409 3552 simul
440 3510 475 3552 ac
509 3493 643 3572 religioni
676 3494 746 3556 satis
778 3494 919 3571 iacturas,
961 3493 1065 3554 Minois

861 3577 903 3640 8*
