2450 3910
133 183 195 246 210
219 195 249 246 c.
265 196 416 246 suuronr
430 197 558 257 renuo
574 199 623 246 ou
636 198 720 246 vrrn
736 198 920 247 causarum
934 199 1004 246 ura.
1017 199 1070 246 vn

105 379 126 434 2
199 351 274 413 Otho
287 353 446 431 imperator
457 352 522 414 llll.
541 352 587 413 lll.
599 354 665 415 llai.
681 363 765 414 natus
780 363 824 414 est
838 352 961 414 Camillo
979 352 1130 433 Arruntio,

134 437 261 497 Domitio
272 434 451 498 Aenobarbo
465 455 545 498 cons.
569 436 597 497 A
614 440 705 517 prima
723 438 919 499 adulescentia
938 437 1078 516 prodigus
1093 455 1131 500 ac

136 539 260 601 procax,
279 518 352 580 adeo
368 530 398 581 ut
413 539 504 602 saepe
516 521 616 599 llagris
626 521 830 600 obiurgaretur
841 540 857 582 a
870 530 964 600 patre,
980 521 1132 583 ferebatur

136 615 166 667 et
180 607 281 682 vagari
293 603 426 665 noctibus
438 606 551 682 solitus,
563 615 650 684 atque
661 606 815 668 invalidum
826 623 969 685 quemque
978 607 1130 668 obviorum

136 689 185 750 vel
198 689 377 769 potulentum
390 692 540 770 corripere
552 707 587 749 ac
599 691 723 751 distento
736 708 809 769 sago
821 691 985 769 impositum
998 693 1028 750 in
1040 689 1128 751 subli-
1146 710 1160 751 s

137 793 184 835 me
194 776 313 834 iactare.
335 772 404 834 Post
414 776 505 853 patris
516 773 621 835 deinde
631 783 751 835 mortem
762 775 923 836 libertinam
935 774 1128 853 aulicamgra-

137 861 252 933 tionem,
264 875 322 936 quo
335 858 486 918 efficacius
501 857 626 937 coleret,
646 861 730 919 etiam
744 859 868 936 diligere
879 859 1022 920 simulavit
1033 869 1128 938 quamss

138 945 184 1003 vis
195 960 276 1003 auum
294 959 330 1002 ac
347 960 441 1022 paene
456 941 648 1021 decrepitam
670 960 723 1023 per
741 943 817 1004 hanc
833 945 991 1004 insinuatus
1006 942 1129 1020 Neroni,

138 1026 226 1088 lacile
239 1045 374 1098 summum
385 1029 461 1088 inter
475 1029 583 1087 amicos
595 1027 691 1088 locum
705 1030 795 1088 tenuit
810 1030 1001 1105 congruentia
1010 1045 1128 1105 morum,

136 1121 166 1171 ut
177 1130 248 1172 vero
262 1111 374 1189 quidam
387 1111 508 1188 tradunt,
521 1121 549 1171 et
562 1111 769 1172 consuetudine
783 1114 869 1171 mutui
882 1114 984 1190 stupri.
1008 1111 1054 1172 Ac
1068 1121 1128 1171 tan·
1139 1127 1168 1169 no

136 1206 193 1257 tum
205 1198 335 1274 potentia
346 1195 445 1274 valuit,
456 1204 487 1255 ut
496 1195 655 1257 damnatum
661 1195 828 1276 repetundis
838 1195 1019 1256 consularem
1026 1198 1128 1274 virum,

136 1283 239 1358 ingens
253 1280 408 1358 praemium
420 1287 531 1359 pactus,
544 1282 624 1358 prius
633 1298 715 1359 quam
724 1279 810 1360 plane
820 1282 1030 1340 restitutionem
1039 1282 1065 1340 ci
1077 1281 1128 1340 im·

138 1372 283 1444 petrasset
294 1380 351 1422 nou
365 1363 508 1426 dubitaret
520 1367 549 1424 in
566 1375 695 1424 senatum
713 1364 748 1424 ad
765 1363 894 1442 agendas
913 1367 1023 1442 gratias
1039 1367 1127 1424 intro-

108 1449 256 1522 sducere.
284 1446 413 1507 Omnium
425 1457 519 1508 autem
532 1449 963 1529 consiliorumsecretorumque
971 1451 1127 1529 particeps,

137 1532 195 1609 die,
208 1549 293 1611 quern
303 1531 451 1591 necandae
462 1534 544 1592 matri
556 1531 636 1593 Nero
648 1533 823 1609 destinarat,
842 1531 877 1592 ad
891 1531 1065 1596 avertendas
1083 1551 1127 1592 su·
1138 1553 1166 1594 as

137 1617 286 1695 opiniones
300 1633 418 1676 caenam
430 1618 544 1694 utrique
555 1619 797 1696 exquisitissimae
805 1619 945 1678 comitatis
953 1616 1045 1688 dedit;
1057 1619 1125 1676 item

136 1701 303 1779 Poppaeam
315 1698 449 1759 Sabinam
461 1709 528 1759 tunc
540 1700 632 1761 adhuc
644 1703 763 1762 amicam
775 1702 848 1779 eius,
861 1700 1011 1762 abductam
1022 1704 1124 1761 marito

137 1781 392 1862 demandatamque
410 1785 523 1843 interim
537 1784 607 1862 sibi,
626 1788 786 1865 nuptiarum
803 1787 905 1865 specie
921 1787 1049 1864 recepit,
1070 1803 1127 1844 neo
1210 1817 1219 1852 .‘

97 1883 99 1890 ·
138 1869 305 1947 corrupisse
318 1875 480 1945 contentus,
493 1868 567 1929 adeo
579 1867 680 1930 dilexit
691 1879 721 1930 ut
731 1887 768 1929 ne
779 1869 899 1930 rivalem
909 1869 1022 1949 quidem
1032 1868 1125 1930 Nero·

137 1971 201 2013 nem
212 1969 306 2032 aequo
319 1951 417 2012 tulerit
427 1955 531 2014 animo.
565 1951 790 2014 Creditnr'certe
802 1953 957 2024 nonmodo
974 1957 1079 2015 missos
1091 1953 1164 2014 adeo

138 2037 341 2098 arcessendam
352 2055 410 2097 uon
424 2039 586 2117 recepisse,
599 2035 751 2119 sedipsum
763 2039 848 2098 etiam
860 2039 1022 2100 exclusisse
1037 2055 1126 2118 quon-

138 2121 202 2182 dam
213 2137 267 2201 pro
280 2120 392 2181 loribus
402 2130 542 2182 astantem
551 2124 775 2201 miscentemque
786 2122 892 2183 frustra
909 2126 998 2184 minas
1016 2131 1046 2182 et
1062 2141 1127 2201 prc-

139 2223 189 2266 ces
207 2223 242 2266 ao
261 2204 424 2285 depositum
440 2216 654 2286 reposcentem.
690 2207 786 2282 Quare
803 2206 919 2268 diducto
936 2209 1127 2285 matrimonio,

139 2292 286 2368 sepositus
299 2300 344 2351 est
356 2309 409 2370 per
420 2308 535 2351 causam
545 2290 701 2369 legationis
713 2292 742 2350 iu
753 2289 936 2351 Lusitaniam.
959 2289 991 2351 ld
1004 2293 1074 2352 satis
1085 2293 1126 2350 vi-
1214 2329 1218 2350 a

139 2391 208 2451 sum,
220 2391 257 2433 ne
276 2390 371 2451 poena
388 2376 484 2434 acrior
502 2377 615 2434 mimum
635 2393 747 2436 omnem
761 2373 941 2453 divulgaret,
965 2377 1012 2453 qui
1035 2384 1164 2438 tornense

138 2458 182 2518 sic
196 2474 310 2536 quoque
323 2457 380 2517 boc
391 2457 515 2518 disticho
531 2462 654 2520 enotuit:

249 2539 313 2601 Cor
328 2537 406 2602 Otbo
421 2543 542 2604 mentito
557 2545 606 2620 sit,
623 2543 782 2624 qnaeritis,
798 2544 871 2604 conl
883 2543 1022 2605 bonore?

328 2623 444 2686 lleoris
455 2625 598 2688 mocclena
613 2635 758 2706 coeperat
772 2645 840 2688 coac
852 2645 939 2688 suae.

194 2709 377 2771 Provinciam
386 2710 590 2772 administravit
599 2713 778 2790 quaestorius
789 2713 1126 2792 perdecemannos,mo·

112 2793 289 2862 coerctione
304 2803 390 2873 atque
402 2795 573 2855 abstinentia
589 2797 737 2874 singulari.
752 2796 791 2858 Ut
805 2797 917 2857 tandem
931 2797 1050 2856 occasio
1064 2796 1125 2856 ulti·
1136 2814 1163 2858 so

139 2880 201 2939 onis
212 2878 276 2940 data
287 2888 340 2957 est,
351 2878 498 2941 conatibus
509 2878 617 2941 Galbae
628 2882 734 2960 primus
742 2885 881 2951 accessit;
895 2881 1055 2960 eodemque
1067 2898 1125 2941 mo-

138 2971 236 3023 mento
248 2965 352 3042 etipse
364 2983 445 3043 spem
457 2965 569 3043 imperii
586 2965 665 3044 cepit
681 2982 813 3042 magnam
826 2966 940 3044 quidem
959 2975 989 3044 et
1005 2984 1043 3025 cx
1060 2983 1125 3032 coo·

139 3046 246 3107 ditione
262 3057 431 3128 temporum,
444 3049 496 3109 sed
511 3049 657 3128 aliquanto
672 3051 809 3109 maiorem
821 3069 859 3110 ex
874 3052 1063 3111 affirmatione
1076 3047 1125 3109 Se-

137 3131 216 3190 leuci
228 3131 428 3193 mathematici.
451 3133 505 3208 Qui
521 3152 584 3194 curn
596 3152 659 3193 eum
670 3133 738 3193 olim
749 3137 933 3212 superstitem
944 3134 1054 3194 Neroni
1063 3134 1126 3194 lore
1205 3151 1216 3178 ⁴

140 3213 356 3294 spopondisset,
371 3227 437 3278 tunc
455 3217 530 3278 ultro
547 3217 710 3296 inopinatus
730 3218 901 3296 advenerat,
925 3223 1162 3298 imperatummos

140 3311 256 3374 quoque
267 3298 349 3358 brevi
361 3303 574 3378 repromittens.
599 3301 687 3362 Nullo
700 3303 787 3379 igitur
799 3303 888 3363 oldcii
903 3313 951 3364 aut
967 3303 1125 3363 ambitionis

139 3380 168 3437 in
182 3395 351 3458 quemquam
362 3401 470 3460 genere
487 3387 611 3463 omisso,
628 3387 763 3464 quotiens
776 3405 863 3447 caena
875 3389 1037 3468 principem
1050 3389 1124 3448 acci·
1215 3453 1216 3462 χ

141 3470 242 3542 peret,
258 3480 361 3525 aurcos
374 3468 526 3528 excubanti
543 3469 657 3530 cohorti
671 3472 775 3532 viritim
787 3471 949 3551 dividebat,
968 3489 1024 3532 nec
1035 3475 1126 3532 minus
1211 3466 1216 3525 l

1211 591 1219 632 i
