2468 3912
126 213 166 278 82
211 226 241 276 o.
257 225 406 276 sunronr
422 225 549 286 resno.
564 227 613 274 nn
627 226 710 274 vrrs
726 225 908 275 clusarum
925 229 992 276 n1n.
1007 230 1045 277 11.

126 385 316 463 imperasset,
343 399 377 440 ac
403 381 495 441 subita
520 382 672 460 eruptione
693 381 793 442 hostes
815 399 927 444 omnem
947 387 991 444 rei
1010 385 1125 446 divinae

127 475 295 548 apparatum
312 463 511 542 abstulissent,
528 468 654 526 constitit
668 467 743 526 inter
755 467 941 547 haruspices,
957 485 1031 546 quac
1045 471 1124 548 peri-

128 553 227 615 culosa
248 558 279 610 et
302 549 425 609 adversa
450 550 623 609 sacrificanti
643 549 805 612 denuntiata
828 561 942 629 essent,
971 562 1072 614 cuncta
1094 555 1126 613 in

132 639 213 718 ipsos
228 651 365 694 recasura
378 635 426 713 qui
441 642 507 693 exta
521 632 675 704 baberent;
693 652 788 712 neque
802 635 886 698 aliter
901 638 1005 696 evenit.
1028 637 1126 698 Pridie

126 739 209 803 quarn
224 719 404 778 Siciliensem
419 735 543 797 pugnam
561 717 655 778 classe
671 721 869 797 committeret,
888 719 1077 781 deambulanti
1092 723 1148 781 ins

125 807 212 866 litore
230 804 319 882 piscis
334 820 351 862 e
365 804 435 862 mari
450 801 559 862 exilivit
574 802 654 863 etad
668 802 760 881 pedes
778 805 874 864 iacuit.
904 802 990 883 Apud
1008 803 1126 865 Actium

127 887 314 949 descendenti
332 889 360 946 in
381 888 471 946 aciem
490 885 597 946 asellus
619 903 682 946 cum
703 887 825 947 asinario
847 889 990 966 occurrit,
1016 888 1126 949 homini

127 970 290 1048 Eutychus,
313 970 424 1031 bestiae
442 969 537 1030 Nicon
559 979 622 1030 erat
636 987 753 1040 nomem
780 973 926 1050 utriusque
942 973 1126 1034 simulacrum
1229 1004 1232 1024 ι

128 1073 246 1118 aeneum
267 1057 361 1116 victor
381 1056 477 1134 posuit
497 1055 525 1114 iu
545 1055 671 1134 templo,
691 1057 719 1114 in
737 1055 814 1134 quod
832 1065 993 1116 castrorum
1008 1074 1125 1118 suorum

126 1141 332 1203 locumvertit.
1135 1158 1165 1202 na

82 1236 117 1292 97
189 1225 268 1286 blors
286 1240 400 1303 qnoque
415 1223 490 1301 eius,
515 1223 552 1283 de
570 1241 625 1302 qua
637 1222 704 1283 hinc
721 1224 829 1302 dicam,
848 1223 1038 1302 divinitasque
1054 1233 1127 1303 post

126 1318 245 1371 mortem
262 1306 483 1368 evidentissimis
498 1309 619 1368 ostentis
634 1311 827 1386 praecognita
842 1316 896 1368 est.
921 1305 991 1368 Cum
1003 1307 1124 1368 lustrum

125 1396 154 1454 in
176 1409 278 1471 campo
293 1391 396 1452 Martio
422 1409 526 1468 magna
549 1393 649 1470 populi
669 1392 832 1472 frequentia
853 1391 1006 1468 conderet,
1026 1391 1123 1470 aquila
1193 1437 1203 1446 .

127 1495 190 1538 eum
207 1476 321 1554 saepius
336 1475 567 1553 circumvolavit,
584 1485 824 1555 transgressaque
839 1477 867 1535 in
881 1477 1004 1536 vicinam
1021 1475 1123 1536 aedem

126 1579 214 1640 super
227 1576 331 1618 nomen
341 1558 491 1638 Agrippae
508 1559 543 1618 ad
555 1560 673 1639 primam
683 1560 806 1620 litteram
818 1559 906 1630 sedit;
925 1577 981 1638 quo
998 1558 1122 1620 animad-
1135 1576 1162 1619 rs

126 1662 212 1704 verso
230 1652 314 1720 rota,
332 1661 405 1720 quae
422 1644 451 1701 in
467 1645 625 1720 proximum
643 1643 761 1704 lustrum
776 1646 885 1723 suscipi
899 1661 961 1704 mos
977 1653 1037 1720 est,
1060 1644 1122 1704 col·

126 1729 222 1806 legam
242 1745 322 1788 suurn
336 1726 480 1787 Tiberium
499 1744 664 1805 nuncupare
681 1727 777 1788 iussit:
804 1746 868 1788 nam
893 1747 943 1804 se,
961 1745 1124 1808 quanquam

128 1811 300 1892 conscriptis
317 1811 482 1890 paratisque
495 1810 550 1869 iarn
562 1809 682 1889 tabulis,
697 1812 816 1888 negauit
832 1821 1032 1890 suscepturum
1046 1830 1123 1891 quae

125 1913 182 1958 non
205 1905 284 1956 esset
303 1894 457 1955 soluturus.
493 1893 552 1954 Sub
574 1893 647 1954 idem
668 1903 780 1973 tempus
803 1897 861 1955 ictu
882 1895 1005 1956 fulminis
1027 1915 1064 1956 ex
1078 1897 1119 1955 irr-

125 1982 283 2061 scriptionc
297 1987 407 2039 statuae
424 1979 485 2039 eius
499 1980 590 2057 prima
605 1981 726 2039 nominis
741 1980 836 2040 littera
853 1979 977 2048 effluxit;
999 1997 1121 2059 respon·
1133 2005 1162 2047 ns

125 2083 186 2127 sum
205 2073 260 2142 est,
276 2071 389 2124 centum
402 2062 483 2123 solos
499 2062 560 2122 dies
576 2063 697 2141 posthac
712 2065 861 2140 victurum,
878 2081 962 2141 quem
976 2082 1125 2123 numerum

126 2148 262 2212 Glittera
282 2156 411 2223 notaret,
430 2147 609 2224 futurumque
624 2156 654 2206 ut
669 2149 743 2206 iuter
760 2146 832 2206 deos
844 2147 1020 2224 referretur,
1045 2147 1124 2225 quod

125 2254 225 2311 acsar,
246 2233 275 2293 id
293 2241 338 2291 est
348 2232 461 2310 reliqua
477 2249 544 2310 pars
560 2249 577 2289 e
593 2228 726 2291 Caesaris
741 2233 872 2309 nornine,
887 2229 1010 2292 Etrusca
1025 2231 1125 2308 lingua

125 2318 194 2378 deus
210 2324 374 2376 uocaretur.

189 2399 333 2460 liberium
358 2400 446 2475 igitur
464 2399 491 2457 in
513 2397 660 2473 Illyricum
685 2397 850 2458 dimissurus
875 2407 905 2459 ct
924 2398 1163 2465 beneventorum

126 2499 217 2563 usquc
244 2491 470 2561 prosecuturus,
502 2499 564 2541 cum
591 2482 825 2561 interpellatores
853 2483 916 2543 aliis
946 2492 1032 2562 atque
1057 2481 1124 2543 aliis

126 2567 222 2628 causis
235 2568 264 2625 in
281 2567 343 2625 iure
361 2565 483 2626 dicendo
501 2565 675 2642 detinerent,
696 2566 877 2644 exclamavit,
894 2567 969 2646 quod
985 2576 1015 2627 et
1029 2568 1125 2645 ipsum

124 2671 192 2713 mox
213 2653 288 2710 inter
307 2650 399 2710 omina
418 2649 539 2709 relatum
561 2659 622 2727 est,
647 2669 725 2725 mon,
747 2650 777 2710 oi
795 2650 900 2713 omnia
912 2657 1122 2726 morarentur,

125 2735 260 2816 amplius
273 2751 308 2794 sc
316 2733 452 2812 posthac
464 2734 582 2794 Romae
596 2733 733 2812 futorum
741 2759 755 2804 ,·
771 2743 855 2815 atque
870 2737 973 2794 itinere
984 2734 1123 2796 inchoato

124 2823 258 2883 Asturam
279 2820 424 2899 perrexit,
446 2827 475 2878 et
489 2817 570 2895 inde,
592 2827 708 2897 practer
723 2818 957 2879 cousuetudinem
972 2818 1008 2878 de
1023 2827 1123 2896 nocte,
1133 2843 1164 2885 oo

125 2906 161 2968 ad
182 2905 366 2966 occasionem
382 2921 467 2963 aurae
486 2911 604 2963 evectus
620 2920 734 2964 causam
749 2902 910 2963 valitudinis
925 2902 1070 2962 contraxit
1083 2920 1125 2963 ex

82 3006 117 3062 98
125 2991 268 3071 profluvio
287 2989 354 3049 alvi.
386 2987 466 3048 Tunc
482 2984 655 3066 Campaniae
672 3004 723 3048 ora
739 2988 935 3067 proximisque
949 2986 1049 3047 insulis
1067 2985 1123 3047 cir·

126 3077 225 3152 cultis,
243 3072 419 3152 Caprearum
435 3089 549 3151 quoque
567 3073 696 3132 secessui
713 3070 898 3150 quadriduum
912 3069 1058 3150 impendit,
1074 3088 1123 3130 re-

125 3160 292 3218 mississimo
309 3157 343 3217 ad
359 3159 445 3216 otium
460 3165 489 3216 et
504 3155 539 3216 ad
555 3173 666 3216 omnem
682 3157 843 3216 comitatem
858 3156 961 3216 animo.

187 3242 275 3301 Forte
289 3241 475 3302 Puteolanum
495 3241 585 3300 sinum
608 3239 841 3317 praeteruehenti
854 3249 991 3300 vectores
1005 3246 1121 3299 nautae·
1131 3259 1163 3302 ss

126 3343 181 3404 qoe
197 3324 313 3384 denari
329 3323 539 3401 Alexandrina,
562 3341 634 3402 quae
652 3332 757 3383 tanturm
772 3323 847 3402 quod
863 3323 1031 3403 appulerat,
1054 3341 1123 3382 can·

126 3407 212 3468 didati
240 3410 425 3487 coronatique
446 3417 475 3468 et
494 3417 556 3467 tura
581 3406 703 3468 libantes
724 3408 817 3467 fausta
838 3409 931 3480 omina
953 3415 981 3466 et
1001 3408 1122 3466 eximias
1215 3451 1228 3490 ἱ

123 3488 224 3553 landes
245 3499 467 3568 congesserant,
487 3509 546 3568 per
566 3489 651 3552 illum
670 3510 703 3551 se
722 3490 840 3568 cicere,
857 3490 1021 3568 perillum
1033 3490 1121 3552 cnci-
