2434 3908
451 225 658 276 ιιιιιιιιιο.
821 190 824 196 ’
961 228 999 274 rx

94 390 183 459 aeret,
205 386 362 441 etiamnunc
376 390 523 456 vannum,
544 386 612 442 satis
634 388 710 443 ctare
731 402 905 457 cognoscere
931 385 998 443 mihi

96 470 211 540 videor,
228 469 300 526 hand
316 469 354 526 ita
366 470 504 528 benevole
522 470 632 542 quidem
648 470 772 527 sensisse
789 472 823 527 de
838 471 998 542 Tranquillo

94 555 276 623 Frontonem,
303 553 354 609 sed
374 553 482 610 Marcus
505 554 589 610 oredo
612 554 740 610 iniuriam
763 555 796 612 ab
820 571 873 611 aro
894 555 998 612 iliatam

96 637 225 709 cupidior
243 637 295 693 init
310 638 457 708 reparandi
474 654 553 710 quam
569 638 756 694 continuandi.
792 638 898 696 Licebit
911 637 998 710 igitur

95 721 274 791 existimare,
298 736 353 776 non
371 722 495 777 defuisse
515 721 619 792 optimo
635 721 696 777 seni
717 739 769 795 per
787 728 936 778 extremam
949 738 998 778 se-

95 810 235 860 nectutem
248 804 365 876 qratiam
380 805 592 861 Antoninorum.

158 887 199 944 De
219 888 372 961 seriptis
388 888 515 945 Suetonii
534 888 713 960 expositurus
732 905 793 944 eum
811 871 937 946 ordinem
952 906 998 946 se-

95 988 190 1067 quar,
198 977 228 1027 nt
250 971 366 1045 primurn
388 973 462 1029 de''
444 990 479 1028 us
496 972 586 1028 dicam
607 988 678 1042 qnae
700 979 863 1044 supersunt,
883 973 947 1029 dein
962 974 998 1029 de

95 1054 216 1130 amissis.
252 1055 358 1112 Priorie
373 1057 487 1128 generis
502 1047 558 1113 duo
574 1062 655 1125 suat,
673 1056 724 1111 sed
738 1072 772 1111 ne
787 1074 820 1113 en
836 1057 946 1128 quidem
962 1056 996 1113 ah

19 1133 21 1178 Γ
95 1139 171 1196 omni
186 1145 266 1212 parte
282 1139 411 1211 integrm
432 1157 494 1196 uam
510 1141 546 1196 de
564 1141 621 1196 rita
638 1138 787 1195 Caesarum
809 1140 875 1196 libri
891 1141 1010 1213 princi:

94 1224 146 1296 pio
161 1228 272 1294 eareat,
292 1223 406 1280 libellus
426 1224 461 1279 de
477 1223 666 1281 Grammaticis
682 1229 710 1278 ιι
724 1224 884 1280 rhetoribus
905 1225 967 1280 fine.

159 1307 205 1364 De
225 1307 300 1364 vita
331 1306 526 1364 Caesarum
546 1308 635 1362 libros
659 1313 724 1362 octo
749 1306 918 1363 Hadriauo'
911 1321 1039 1400 unpe-
1007 1309 1074 1350 oen
1020 1308 1155 1402 ὢωῑιιῦἣη

94 1397 175 1448 rante
191 1391 282 1448 editos
304 1408 385 1461 esse,
408 1392 462 1447 iam
476 1393 543 1447 otim
565 1409 580 1446 e
600 1390 714 1462 locisp.
733 1396 802 1460 254,
824 1397 842 1450 8
863 1396 948 1461 etto
963 1371 1043 1453 ιιιῗιΓ
1044 1411 1080 1451 reo
1095 1409 1156 1451 ι,ιιιι

95 1475 266 1530 intellectum
285 1482 345 1539 est3
365 1475 416 1530 sed
436 1475 549 1531 invento
567 1476 673 1530 demum
686 1473 755 1544 Lydi
775 1474 866 1545 libro,
886 1475 933 1547 qui
955 1483 999 1532 est

96 1559 130 1616 de
157 1558 366 1630 magistratibus
388 1559 584 1629 Romanorum,
605 1558 721 1615 Parisiis
747 1557 838 1614 editus
865 1577 891 1615 ιι.
918 1565 998 1630 1812,

95 1642 164 1699 sciri
190 1640 281 1715 potuit
305 1657 360 1697 non
383 1642 439 1698 alio
461 1659 551 1699 anuo
576 1648 747 1714 quom120
772 1643 901 1714 vulgatos
922 1659 995 1699 esse.

94 1726 187 1796 Lydius
214 1723 299 1794 enim,
319 1725 539 1782 studiosissimus
566 1726 718 1797 Tranquilli
743 1721 850 1798 (verba
876 1726 997 1799 repetivi

94 1827 124 1881 p.
146 1813 213 1875 286,
235 1805 266 1881 2)
293 1806 441 1865 Caesarum
462 1811 533 1866 vitus
554 1810 659 1866 dicat-as
683 1811 723 1865 ait
750 1809 886 1882 Septimio
914 1827 997 1883 prae-

96 1892 172 1948 teoto
191 1891 345 1946 cohortium
361 1893 606 1965 praetorianarum.
651 1893 691 1949 Eo
708 1894 772 1949 loeo
792 1910 845 1966 pro
861 1894 996 1967 Septimio
1092 1957 1094 1963 ,

95 1972 250 2047 septicium
270 1976 456 2046 reponendum
477 1993 540 2031 esse
556 1994 617 2032 eum
638 1977 744 2047 dequo
762 1993 845 2048 supra
867 1978 997 2047 diximus,

94 2059 200 2131 primus
214 2057 235 2114 l.
249 2058 280 2114 D.
291 2058 360 2114 Fuso
375 2058 403 2114 in
418 2059 538 2131 epistola
554 2061 588 2115 ad
603 2060 715 2116 Herium
728 2060 824 2116 Leodii
840 2067 909 2121 1820
923 2061 997 2117 edita

95 2141 208 2211 docuit,
228 2148 327 2214 postea
344 2142 420 2198 multi
437 2143 562 2198 certatim
576 2144 812 2208 demonstraruut;
828 2161 861 2199 ao
877 2144 997 2200 tortasse

95 2243 131 2283 ne
144 2225 273 2299 peccavit
286 2225 396 2297 quidem
412 2227 561 2296 librarius,
584 2243 644 2282 cum
658 2226 727 2296 Lydi
748 2227 837 2282 codex
857 2226 998 2294 Parisinus

96 2310 194 2383 Suppl.
209 2326 304 2381 graec.
325 2326 351 2366 n.
368 2315 428 2369 257.
445 2316 499 2366 tam
514 2311 598 2366 ioede
616 2310 827 2366 commaculatus
844 2327 877 2367 ac
892 2310 997 2367 dilace-

95 2399 172 2451 ratus
188 2393 241 2464 sit,
262 2399 294 2448 ιιι
310 2410 343 2450 ea
363 2394 485 2451 litterula
501 2401 613 2450 essetne
629 2412 647 2448 ιι
663 2412 697 2451 an
712 2413 732 2466 μ
748 2395 874 2467 equidem
889 2395 997 2452 disner-

95 2493 164 2533 uere
194 2493 248 2533 uon
277 2476 420 2548 quiverim.
465 2479 493 2534 ls
522 2479 662 2550 Septicius
690 2495 752 2534 cum
780 2496 830 2550 per
857 2479 1012 2540 biennium,

97 2579 122 2618 a.
137 2567 280 2621 lin-121
297 2562 473 2633 praeieotura
489 2554 597 2618 iunctus
613 2563 666 2632 sit,
680 2562 734 2618 iam
749 2564 839 2619 nuilus
855 2562 997 2621 dubitandi

96 2646 176 2701 loeus
195 2644 310 2701 relictus
326 2651 377 2700 est.

161 2729 217 2784 Sed
237 2728 375 2798 Lydianus
400 2730 478 2784 locus
504 2745 559 2784 uon
581 2730 670 2786 minus
692 2732 834 2786 commode
858 2730 886 2786 iu
909 2731 998 2784 lucem
1007 2720 1144 2793 ἀκέφαλοι

97 2812 212 2868 emersit
231 2813 266 2868 ad
284 2812 365 2868 aiiaar
380 2813 523 2868 doctorum
539 2814 676 2869 hominum
697 2813 915 2870 controversiam
931 2812 1000 2868 diri-

97 2895 238 2965 mendam,
266 2912 336 2966 quae
354 2897 389 2951 de
417 2896 602 2969 principio
629 2897 776 2953 Caesarum
806 2897 939 2952 amisso
964 2913 998 2951 an
1082 2907 1084 2914 “

99 2986 210 3035 extante
231 2965 397 3050 agitabatur
441 2979 564 3035 Mutilum
585 2997 649 3037 asse
670 2981 785 3052 primunr
806 2980 906 3036 tibrum
923 2979 998 3035 docti
1090 3026 1092 3030 .

99 3063 200 3119 dudum
221 3062 351 3120 viderunt
370 3065 398 3118 et
421 3063 502 3136 primi
527 3063 636 3134 quidem
664 3063 867 3119 commemorati
889 3063 923 3118 ab
946 3063 998 3118 Ra-

99 3147 199 3218 phocis
221 3147 406 3202 Volaterrano
432 3149 687 3204 commentariorum
710 3150 876 3204 urbanorum
897 3147 998 3204 Romae

100 3246 124 3286 a.
141 3236 209 3290 1506
224 3230 361 3287 editorum
376 3230 449 3286 libro
466 3237 514 3300 19,
530 3230 608 3286 ouius
625 3233 694 3287 haec
709 3239 771 3286 sunt
785 3231 885 3287 verba:
903 3229 998 3301 Opinio

99 3316 339 3384 qrammoticorum
361 3315 552 3370 nonnullorum
569 3322 610 3369 eet
628 3318 750 3387 primam
770 3315 852 3370 eitam
869 3313 998 3372 Caesaris

77 3429 80 3440 ·
100 3395 175 3454 tanc
190 3401 323 3471 inteqram
344 3400 477 3470 reperiri,
501 3413 562 3454 cum
576 3400 719 3454 verisimile
733 3415 788 3454 aon
802 3399 836 3453 sit
849 3399 935 3470 ι’ριιιιι
955 3400 997 3453 in·

101 3482 237 3538 mactate
260 3483 368 3556 cencres
394 3484 512 3548 ιαιιιιιιι
531 3483 652 3554 adeoque
668 3498 705 3539 ce
731 3483 846 3554 obrupto
868 3496 998 3539 etcertum
