2450 3910
136 241 195 304 196
235 253 264 302 c.
278 215 428 302 suaronr
445 253 571 312 ranno.
587 255 635 301 nn
649 247 733 303 vrrs
748 254 933 303 cassanum
943 257 1017 304 ma.
1030 256 1084 306 vt.

135 405 231 470 tarto
243 416 312 480 τοῖς
323 400 487 481 τοιούτοις
501 445 539 456 -—
552 400 612 489 ἂγε
624 409 731 492 ἔγειρε
741 401 902 472 canneto!
921 411 1039 490 lamque
1050 416 1145 491 equi·

134 505 180 554 tes
193 493 477 572 appropinquabant,
495 494 598 574 quibus
618 504 805 575 praeceptum
825 505 887 556 erat
906 505 935 556 ut
952 496 1047 556 vivum
1069 515 1145 556 eum

135 577 330 638 adtraherent.
353 576 438 652 Quod
450 587 480 637 ut
492 581 593 656 sensit,
606 579 785 658 trepidanter
798 580 917 640 eliatus:

45 667 62 704 ‘·
72 670 82 708 ἰ
102 675 119 706 -¹
178 649 307 720 Ἵππων
318 654 347 740 μ’
362 651 548 724 ὠκυπόδων
560 652 645 742 ἀμφὶ
658 656 782 735 κτύπος
793 653 898 724 οὔατα
918 655 1036 744 βάλλει
1048 699 1093 710 —-

135 747 242 806 lerrum
255 745 354 823 iugulo
368 746 474 826 adegit,
493 749 607 808 iurante
623 747 825 826 Epaphrodito
844 767 859 809 a
875 748 993 811 libellis.
1021 750 1163 826 Samia-u

135 830 276 908 nimisque
290 830 382 891 adhuc
394 832 563 911 irrumpenti
577 833 736 892 centurioni
750 841 778 892 et
790 833 914 912 paenula
927 833 962 893 ad
971 833 1076 894 vulnus
1087 835 1141 894 ad·

136 914 231 994 posita
249 915 277 973 in
300 915 433 975 auxillum
452 918 619 976 sevenisse
638 917 779 976 simulanti
801 935 859 977 non
882 917 958 978 aliud
980 919 1142 997 respondit
1198 953 1199 1006 q

136 1017 219 1078 quam
229 997 327 1061 Sero!
339 1008 369 1060 et
380 999 467 1061 Haec
478 1000 630 1078 cstfides!
651 1000 747 1079 Atque
760 1002 787 1060 iu
800 1020 834 1061 ea
852 1019 927 1062 voce
946 1002 1068 1080 deiecit,
1084 1023 1139 1062 ex-

135 1082 260 1145 tantibus
272 1083 492 1163 rigentibusque
505 1085 599 1145 oculis
610 1103 702 1163 usque
713 1084 748 1145 ad
765 1085 918 1146 horrorem
935 1086 1138 1147 formidinem·

136 1187 192 1247 que
211 1169 372 1229 visentium.
412 1167 490 1229 Nihil
507 1171 586 1248 prius
606 1178 653 1229 aut
669 1167 796 1248 magis‘a
817 1164 969 1230 comitibus
988 1182 1173 1248 exegeratro
1198 1179 1199 1182 ’

136 1271 220 1332 quam
238 1271 274 1312 ne
298 1261 430 1332 potestas
449 1255 580 1332 culquam
600 1254 702 1333 eapitis
722 1254 766 1312 sui
784 1255 886 1331 lieret,
908 1255 959 1314 sed
975 1265 1137 1334 utqucquo

136 1336 221 1398 modo
235 1346 312 1396 totus
330 1347 517 1398 cremaretur.
537 1338 670 1399 Permisit
687 1337 746 1398 hoc
756 1335 863 1417 Icelus,
876 1338 986 1401 Galbae
998 1339 1136 1417 libertus,

136 1439 193 1482 non
206 1421 295 1480 multo
309 1430 374 1480 ante
393 1422 516 1483 vinculis
529 1423 680 1500 exolutus,
699 1425 727 1481 in
740 1439 814 1500 quae
825 1425 918 1503 primo
931 1423 1049 1483 tumultu
1062 1441 1135 1484 cou-

137 1507 231 1565 iectus
246 1505 348 1565 luerat.

94 1593 129 1647 50
198 1589 359 1648 Funeratus
372 1597 417 1648 est
429 1591 561 1668 impensa
573 1591 760 1652 ducentorum
772 1592 893 1670 milium,
908 1591 1043 1670 stragulis
1057 1591 1133 1651 albis
1144 1619 1169 1662 ta

137 1690 207 1732 auro
226 1673 357 1748 intextis,
376 1673 558 1750 quibususus
575 1674 622 1734 lll.
640 1675 698 1735 lau.
712 1676 816 1736 iuerat.
846 1677 996 1755 Reliquias
1015 1675 1133 1753 Ecloge

138 1766 166 1816 et
177 1753 353 1814 Alexandria
366 1759 493 1817 nutrices
505 1775 567 1817 cum
573 1757 649 1818 Acte
664 1760 823 1821 concubina
834 1761 933 1840 gentili
941 1761 1133 1820 Domitiorum

137 1841 311 1900 monimento
326 1831 526 1917 condiderunt,
539 1842 617 1920 quod
630 1845 806 1923 prospicitur
818 1863 835 1904 e
848 1861 950 1923 campo
963 1844 1066 1905 llartio
1083 1846 1133 1903 im·

138 1926 262 2004 positum
274 1923 343 1984 eolli
353 1921 549 1986 Hortulorum.
573 1926 605 1986 ln
619 1945 655 1987 eo
668 1929 843 1988 monimento
856 1929 959 1988 solium
970 1927 1132 2008 porphyre-

137 2009 187 2070 tici
200 2009 360 2086 marmoris,
373 2019 554 2088 superstante
565 2011 688 2071 Lunensi
702 2032 765 2090 ara,
787 2013 1010 2092 circumseptum
1029 2021 1075 2072 est
1091 2013 1132 2071 la·
1142 2032 1168 2073 m

139 2094 205 2174 pide
215 2093 331 2154 Thasio,

95 2187 128 2240 51
203 2180 317 2239 Statura
331 2176 383 2237 fuit
394 2196 489 2258 prope
502 2181 584 2257 iusta,
600 2199 726 2260 corpore
739 2181 889 2242 maculoso
900 2190 928 2240 et
936 2181 1053 2257 faetida,
1066 2179 1132 2239 sub·
1199 2231 1200 2248 ,

138 2263 214 2324 llavo
225 2262 344 2341 capillo,
359 2263 438 2323 vultu
452 2264 573 2343 pulchro
584 2268 675 2342 magis
689 2283 772 2343 quam
782 2274 917 2340 venusto,
931 2265 1025 2326 oculis
1036 2266 1132 2324 caesis

139 2357 167 2407 et
178 2347 394 2423 hebetioribus,
411 2350 527 2408 cervice
545 2349 650 2424 obesa,
668 2359 770 2409 ventre
788 2350 940 2430 proiecto,
963 2348 1132 2428 gracillimis

139 2429 280 2504 cruribus,
293 2431 448 2490 valitudine
460 2449 604 2511 prospera
613 2434 692 2512 (nam
699 2435 746 2512 qui
756 2433 887 2494 luxuriae
898 2433 1130 2494 immoderatissi-
1141 2459 1166 2500 nn

138 2531 202 2573 mae
214 2519 303 2589 esset,
318 2522 363 2573 ter
376 2517 490 2574 omnino
504 2534 558 2594 per
571 2518 797 2595 quattuordecim
811 2536 900 2580 annos
915 2519 1033 2596 languit,
1046 2526 1130 2596 atque

138 2601 213 2658 itaut
224 2598 395 2674 nequevluo
405 2617 501 2678 neque
510 2602 717 2662 consuetudine
728 2603 840 2682 reliqua
849 2602 1007 2662 abstineret
1015 2601 1040 2679 ς)
1053 2602 1129 2660 circa

139 2681 244 2745 cultum
256 2680 439 2761 habitumque
452 2683 525 2744 adeo
538 2684 705 2763 pudendus,
723 2696 753 2746 ut
768 2705 878 2748 comam
896 2705 1012 2766 semper
1024 2687 1052 2744 iu
1064 2703 1129 2762 gra-

138 2767 190 2828 dus
207 2767 357 2827 formatam
380 2769 615 2846 peregrinatione
639 2770 768 2832 Achaica
786 2772 871 2832 etiam
888 2788 966 2850 pone
993 2770 1130 2830 verticem

139 2851 317 2927 summiserit,
331 2869 365 2912 ac
379 2851 558 2931 plerumque,
574 2854 767 2929 synthesinam
778 2856 905 2932 indutus,
919 2855 1010 2932 ligato
1023 2855 1128 2913 circum
1140 2876 1164 2917 au

139 2936 244 2998 collum
263 2933 379 2997 sudario
402 2936 542 3016 prodierit
564 2939 592 2997 in
610 2939 756 3018 publicum
781 2940 843 3000 sine
866 2940 960 3000 cinctu
983 2948 1011 2999 et
1029 2937 1129 2999 discal-

138 3022 238 3080 clatus.

95 3107 131 3164 ta
198 3104 339 3166 Liberalis
351 3105 520 3185 disciplinas
533 3108 626 3166 omnis
637 3108 698 3167 lere
711 3125 784 3186 puer
796 3110 898 3187 attigit.
929 3107 987 3169 Sed
1004 3125 1020 3168 a
1039 3105 1127 3187 philo-

138 3187 241 3265 sophia
259 3208 323 3250 eum
333 3191 547 3267 materavertit,
560 3193 1126 3271 monensimperaturocormariamesse:

139 3273 335 3345 acognitione
348 3284 476 3334 veterum
495 3284 640 3335 oratorum
658 3277 771 3337 Seneca
790 3287 976 3357 praeceptor,
995 3293 1053 3356 quo
1071 3275 1162 3339 din-au

139 3352 195 3411 tius
208 3354 236 3410 in
248 3353 436 3417 admiratione
452 3358 495 3418 sui
509 3357 661 3418 detineret.
682 3358 782 3438 ltaque
800 3362 835 3420 ad
855 3361 998 3438 poeticam
1012 3377 1125 3437 pronus,

141 3434 266 3496 carmina
278 3436 401 3498 libenter
413 3459 448 3500 ao
460 3442 522 3499 sine
534 3441 635 3502 labore
648 3446 811 3524 composuit
822 3461 893 3520 nee,
909 3452 940 3503 ut
954 3443 1066 3522 quidam
1079 3461 1125 3522 pu-

140 3525 209 3596 tant,
222 3515 315 3577 aliena
328 3537 381 3597 pro
394 3523 453 3582 suis
465 3521 562 3582 edidit,
587 3525 704 3586 Venere
715 3530 743 3587 in
758 3544 858 3588 manus
874 3543 954 3586 meas
973 3526 1126 3606 pugillares
