2466 3896
455 222 559 270 nrvus
575 221 755 270 canonius.
1033 209 1091 270 153

1 385 2 442 1
101 397 170 455 cas,
189 385 219 436 et
236 377 294 438 hoc
306 377 427 456 amplius
443 377 518 456 patri
535 378 682 436 circenses
699 393 808 436 annuos
824 377 910 438 natali
926 376 988 444 die;
1011 376 1092 436 matri

1 457 2 516 l
101 470 283 541 carpentum,
304 479 360 540 quo
377 479 430 540 per
447 461 553 520 circum
574 459 742 537 duceretur,
766 469 795 520 et
815 478 978 538 cognomen
993 459 1090 536 Angu-

101 555 179 622 stae,
196 544 231 604 ab
249 548 314 605 vira
328 554 500 605 recusatum.
531 543 577 602 Ad
593 544 688 604 fratris
702 545 882 621 memoriam,
910 561 1091 624 peromnem

101 630 286 690 occasionem
302 628 490 704 celebratam,
506 627 683 688 comoediam
696 645 811 725 quoque
827 628 964 689 Graecam
975 628 1112 726 Neapo·
1105 625 1158 686 tat
1175 628 1185 692 ἓ

1 693 2 796 l
73 715 190 774 clibano
213 714 367 774 certamine
389 713 487 772 docuit
507 729 543 771 ac
562 698 616 770 de
621 705 763 772 s'ententia
789 695 911 771 iudicum¹
932 713 1089 772 coronavit.

36 806 77 861 s
99 797 145 858 Ne
156 796 283 858 blancum
297 796 411 896 quidem
422 796 576 855 Antonium
587 794 786 855 inhonoratum
798 813 832 855 ac
845 797 907 855 sine
920 804 1003 872 grata
1014 813 1089 854 men-

100 884 178 971 tione
194 881 366 956 transmisit,
382 888 502 940 testatus
514 878 656 978 qnondam
672 896 725 957 per
737 877 874 956 edictum,
891 881 990 939 tanto
982 897 1089 956 impen-

1 995 15 1022 ι.
100 969 159 1026 sins
174 974 275 1044 petere
290 983 322 1024 se
335 973 364 1023 nt
379 964 500 1024 natalem
514 964 602 1043 patris
613 963 698 1023 Drusi
714 925 910 1039 celebrarent,
927 962 1004 1040 quod
1016 963 1090 1022 idern

101 1058 180 1110 esset
201 1057 230 1108 et
251 1050 297 1109 avi
319 1049 362 1108 sui
381 1048 509 1108 Antonii.
551 1047 668 1107 l'iberio
690 1063 879 1106 marmoreum
901 1065 997 1106 arcum
1012 1048 1090 1105 iuxta

64 1143 90 1183 1⁰
99 1133 218 1212 Pompei
233 1133 388 1206 theatrum,
405 1131 551 1191 decretum
561 1130 751 1208 quidemolim
762 1149 778 1189 a
788 1139 995 1190 senatorernm
1007 1130 1089 1189 omis·

100 1235 177 1294 snm,
194 1217 319 1296 peregit.
332 1216 383 1277 Gai
398 1233 512 1294 quoque
522 1217 576 1274 etsi
589 1223 651 1274 acta
665 1215 758 1275 omnia
766 1214 897 1290 rescidit,
913 1213 988 1272 diem
997 1221 1090 1272 tamen

99 1303 195 1375 necis,
211 1302 340 1378 quamvis
358 1297 506 1359 exordium
522 1299 698 1378 principatus
716 1299 773 1374 sui,
795 1301 884 1358 vetuit
904 1299 978 1357 inter
996 1296 1090 1356 lestos

98 1385 212 1444 referri.

163 1467 203 1527 At
224 1469 253 1526 in
274 1475 365 1526 semet
383 1467 514 1544 augendo
537 1484 643 1544 parcus
662 1477 747 1547 atque
768 1466 878 1543 civilis,
904 1467 1132 1545 praenominum

61 1552 285 1630 aslmperatoris
305 1549 455 1627 abstinuit,
483 1553 585 1610 nimios
608 1551 736 1612 honores
754 1552 914 1627 recusavit,
944 1549 1090 1630 sponsalia

99 1637 175 1696 liliae
188 1632 369 1713 natalemque
385 1637 605 1715 gmefflttis
624 1635 738 1695 silentio
756 1655 791 1697 ac
811 1643 916 1695 tantum
931 1634 1091 1695 domestica

97 1719 242 1794 religione
262 1722 411 1796 transegit
442 1718 592 1779 Neminem
613 1719 726 1788 exulum
740 1719 794 1778 nisi
810 1737 847 1778 ex
861 1727 977 1780 senatus
993 1727 1090 1778 aucto·

1 1847 3 1870 ι
97 1805 182 1863 ritate
208 1804 340 1861 restitnit.
368 1803 407 1864 Ut
421 1803 502 1862 sibi
493 1822 522 1861 in
540 1805 646 1864 curiam
662 1803 840 1883 praelectum
858 1804 985 1881 praetori
1004 1802 1089 1862 tribn-

97 1903 210 1964 nosqne
219 1885 336 1944 militum
347 1904 445 1945 secum
454 1886 590 1946 inducere
602 1886 720 1963 liceret,
739 1896 825 1966 utque
832 1895 893 1946 rata
905 1895 1003 1946 essent
1017 1903 1090 1968 qnae

58 1982 88 2024 ao
98 1978 303 2050 procuratores
318 1971 361 2028 sui
375 1971 404 2028 in
417 1969 567 2029 indicando
582 1932 756 2046 statuerent,
772 1971 905 2048 precario
921 1971 1028 2046 exegit
1044 1965 1090 2027 lus

97 2053 311 2114 nundinarum
301 2071 330 2112 ιιι
352 2054 463 2133 privata
480 2053 597 2132 praedia
619 2053 816 2113 aconsulibus
831 2055 911 2130 petit.
942 2050 1133 2128 Cognitio'*

97 2137 181 2196 nibus
193 2137 408 2214 magistratuum
419 2146 450 2196 ut
464 2154 535 2195 unus
550 2155 566 2196 e
583 2137 778 2196 consiliariisl
777 2145 931 2214 requenter
947 2137 1089 2203 interluit;

98 2220 216 2282 eosdem
231 2221 399 2299 spectacula
416 2220 527 2281 edentis
543 2238 666 2297 surgens
682 2228 711 2279 et
724 2221 786 2298 ipse
807 2236 869 2278 cnm
891 2228 989 2280 cetera
1009 2219 1091 2280 turba

1 2309 22 2319 ”
97 2321 174 2364 voce
189 2323 223 2364 ac
236 2322 319 2365 manu
333 2313 485 2365 veneratus
498 2313 550 2363 est.
568 2305 626 2364 ΤΒ.
641 2303 695 2364 Pb.
710 2302 877 2364 adeuntibus
889 2321 922 2362 se
936 2321 989 2382 pro
1004 2303 1090 2362 tribu-

52 2388 153 2447 asnali
171 2391 336 2465 excusarit,
353 2389 430 2467 quod
445 2397 566 2468 propter
577 2391 724 2465 angustias
739 2405 796 2448 non
809 2396 911 2466 posset
926 2386 1023 2450 audire
1038 2405 1090 2447 eos

98 2473 153 2530 nisi
167 2481 285 2532 stantes.
308 2473 429 2547 Quare
421 2492 449 2531 ιιι
466 2472 548 2532 brevi
571 2475 665 2550 spatio
681 2481 786 2532 tantum
802 2473 907 2532 amoris
923 2473 1090 2550 fauorisque

99 2539 234 2632 collegit,
258 2565 287 2616 ut
309 2575 372 2615 cum
394 2557 556 2636 proiectum
576 2574 640 2615 enm
662 2556 769 2616 Ostiam
791 2558 902 2634 perisse
928 2575 965 2616 ex
982 2557 1090 2615 insidiis

1 2660 7 2673 ’
97 2639 251 2699 nuntiatum
271 2648 364 2715 esset,
392 2659 496 2717 magna
524 2643 756 2700 consternatione
778 2640 902 2718 populus
922 2649 952 2699 et
974 2641 1090 2698 militem

98 2723 179 2800 qnasi
196 2685 390 2801 proditorerb,
412 2733 441 2783 et
458 2733 586 2784 senatum
602 2743 683 2802 quasi
676 2723 869 2804 parricidam
885 2723 953 2784 diris
971 2740 1089 2782 execra-

63 2817 88 2858 ιο
98 2805 224 2865 tionibus
241 2809 389 2867 incessere
405 2825 463 2867 non
480 2816 544 2867 ante
560 2805 713 2884 destiterit,
729 2826 812 2886 quam
829 2825 899 2866 unus
915 2816 1000 2884 atque
1018 2805 1091 2864 alter

98 2897 126 2947 et
141 2906 211 2948 mox
227 2890 339 2968 plures,
359 2910 374 2950 a
390 2890 626 2967 magistratibus
617 2911 645 2950 in
661 2900 756 2951 rostra
775 2891 920 2968 producti,
937 2890 1046 2950 salvum
1061 2899 1091 2948 et

97 2973 329 3052 appropinquare
345 2974 528 3034 affirmarent

157 3055 222 3115 Nec
244 3067 337 3117 tamen
360 3075 466 3136 expers
484 3058 645 3118 insidiarum
672 3077 762 3136 usque
784 3076 896 3137 quaque
925 3058 1090 3136 permansit,
1100 3065 1133 3119 1³

96 3139 149 3200 sed
163 3148 193 3200 et
207 3160 222 3200 a
238 3141 358 3218 singulis
373 3150 402 3201 et
418 3160 471 3221 per
491 3143 645 3202 factionem
667 3152 695 3202 et
714 3142 835 3220 denique
858 3141 934 3200 civili
955 3140 1056 3201 bello'
1048 3160 1087 3200 rn-

60 3223 218 3284 setestatus
233 3233 287 3284 est.
305 3225 329 3284 Ε
347 3225 434 3303 plebe
451 3225 537 3285 homo
554 3235 641 3289 nocte
657 3226 771 3287 media
762 3235 840 3286 iuxta
854 3224 1054 3285 cubiculum
1028 3244 1088 3286 erus

97 3325 159 3368 cum
180 3309 306 3385 pugione
330 3309 527 3388 deprehensus
550 3320 607 3378 est;
632 3311 740 3388 reperti
764 3319 793 3370 et
815 3310 958 3388 equestris
982 3309 1089 3368 ordinis

96 3389 152 3451 duo
167 3393 196 3452 in
213 3391 330 3470 publico
346 3411 409 3452 cnm
423 3392 529 3452 dolone
544 3412 579 3453 ac
593 3395 743 3454 venatorio
761 3392 854 3456 cultro
868 3393 1089 3473 praestolantes,

22 3489 24 3492 ·
94 3473 170 3534 alter
187 3483 216 3534 ut
231 3493 382 3551 egressum
397 3476 523 3549 theatro,
546 3477 619 3538 alter
632 3487 663 3538 nt
680 3479 888 3540 sacrificantem
903 3477 978 3548 apud
992 3477 1091 3539 llnrtis

1 601 18 654 l,
