2450 3910
126 326 187 390 240
211 338 242 387 G·
256 337 405 387 sonuotul
421 337 549 396 ultano.
562 336 610 384 DII
625 335 711 384 VITA
726 335 909 384 cassanum
920 335 989 384 LIB.
1002 336 1079 384 VIII.

126 513 206 572 nam,
232 494 334 572 partim
354 489 445 551 subici
463 508 497 549 ac
518 493 619 550 venire
633 493 799 570 imperavit,
823 493 925 570 partim
946 492 973 550 in
995 493 1126 570 asperri-

126 596 187 638 mas
203 576 359 636 insularum
374 573 467 634 avehi.
501 575 598 653 thue
613 577 697 635 etiam
715 574 818 634 similia
840 574 1014 653 quandoque
1037 593 1125 636 ausu·
1199 581 1214 664 p

125 679 175 722 ros
192 668 336 738 perpetuo
354 668 518 737 coerceret,
533 661 624 719 uetuit
638 662 713 719 inter
728 667 827 719 cetera
843 659 996 722 decadem
1012 677 1044 719 re
1057 661 1126 740 plu·
1185 698 1191 710 ,
1213 639 1214 672 ¹

125 744 204 806 ribus
219 743 334 822 iegibus
350 744 415 821 agi,
433 746 572 822 quaeriue
588 743 624 803 de
641 745 807 823 cuiusquam
824 743 1024 803 defunctorum
1045 753 1126 806 statu
1213 751 1214 788 3

125 828 200 888 ultra
217 837 315 889 certos
330 845 429 890 annos.
937 869 940 874 Α
1048 873 1052 882 ·
1137 853 1150 894 s
1213 835 1214 890 l

95 919 114 976 9
187 913 386 974 Pontificatum
400 913 552 973 maximum
566 913 632 973 ideo
651 932 683 972 se
700 913 854 992 professus
869 915 1006 991 accipere
1022 921 1053 972 nt
1068 930 1124 992 pu·

124 1015 172 1058 ras
187 1006 320 1058 servaret
334 1015 448 1075 manus,
464 997 549 1057 iidem
565 999 722 1076 praestitit,
739 1014 794 1057 nec
811 1006 913 1056 auctor
932 996 1055 1086 posthac
1071 1015 1124 1058 cu·
1211 1037 1214 1076 ,

125 1084 255 1162 iusquarn
276 1083 357 1142 necis
379 1100 434 1141 nec
459 1081 612 1158 conscius,
640 1083 771 1160 quamvis
797 1080 938 1141 interdum
960 1081 1125 1142 ulciscendi

126 1185 211 1228 cansa
229 1184 287 1226 non
305 1167 436 1242 deesset,
460 1163 512 1224 sed
522 1165 695 1243 peritarum
709 1165 861 1244 capotius
877 1182 969 1245 quom
979 1164 1124 1242 perdita-
1213 1204 1214 1243 ,

123 1269 191 1311 rum
203 1251 345 1312 adiurans.
369 1249 449 1309 Duos
462 1250 575 1328 patricii
586 1251 703 1327 generis
717 1252 868 1309 convictos
882 1249 911 1309 in
924 1248 1123 1310 adfectatione
1136 1275 1159 1315 ru
1213 1290 1214 1347 q

123 1336 253 1415 imperii,
276 1334 344 1394 nibil
366 1334 486 1412 amplius
508 1351 591 1412 qnam
612 1342 642 1392 ut
662 1333 837 1394 desisterent
862 1335 983 1412 monuit,
1009 1333 1124 1394 docens
1213 1368 1214 1378 κ

122 1419 332 1498 principatum
344 1418 414 1498 fcto
430 1417 513 1494 dari,
530 1421 554 1478 si
571 1417 638 1496 quid
653 1427 808 1495 praeterea
825 1417 1035 1494 desiderarent,
1051 1435 1124 1497 pro·
1203 1417 1214 1553 s

123 1505 238 1562 mittens
262 1521 294 1563 se
317 1507 486 1565 tributurum
493 1525 500 1571 ;
523 1513 552 1561 et
575 1503 728 1562 confestim
744 1501 859 1580 quidem
878 1501 912 1562 ad
929 1503 1047 1562 alterius
1061 1520 1123 1562 ma·
1213 1531 1214 1576 q

123 1597 209 1664 trem,
226 1605 301 1665 quae
315 1587 418 1665 procul
439 1585 556 1664 aberat,
582 1603 719 1646 cursores
741 1587 921 1663 summisit,
946 1587 993 1664 qui
1018 1587 1122 1646 anxiae
1213 1617 1214 1638 r

124 1669 234 1729 salvum
248 1671 335 1731 lilium
351 1671 527 1749 nuntiarent,
549 1679 677 1730 ceterum
691 1674 772 1750 ipsos
795 1687 853 1730 non
874 1670 967 1730 solum
987 1669 1120 1730 familiari
1131 1693 1158 1734 rs
1213 1691 1214 1754 t

124 1771 233 1815 caenae
257 1754 397 1831 adhibuit,
420 1753 472 1825 sed
489 1763 517 1813 et
539 1755 702 1832 insequenti
727 1755 773 1814 die
794 1755 985 1832 gladiatorum
1005 1764 1119 1834 specta·
1204 1781 1214 1875 q

125 1837 190 1896 culo
206 1839 284 1898 circa
300 1856 332 1898 se
346 1857 383 1897 ex
404 1837 541 1898 industria
565 1838 725 1898 conlocatis
752 1838 923 1902 oblatasibi
945 1837 1118 1898 ferramenta
1200 1859 1214 1934 q

123 1925 308 2000 pugnantium
335 1920 514 2000 inspicienda
540 1923 680 2000 porrexit.
731 1923 843 1983 Dicitur
871 1925 973 2000 etiarn,
1002 1923 1119 2000 cognita
1212 1935 1214 1984 t

122 2006 269 2084 utriusque
281 2007 423 2084 genitura,
435 2005 592 2067 imminere
604 2005 752 2068 ambobus
761 2006 1117 2086 periculumadiirmasse,
1213 2026 1214 2041 ¹

122 2106 227 2150 oerum
242 2091 426 2172 quandoque
441 2097 470 2150 et
484 2090 524 2151 ab
541 2091 628 2162 plio,·
644 2093 718 2151 siout
735 2093 840 2151 evenit.
1213 2077 1214 2102 ¹

185 2174 316 2236 Fratrem
331 2175 458 2235 insidiari
477 2175 602 2235 sibinen
618 2175 807 2252 desinentem,
825 2175 877 2234 sed
890 2193 983 2253 paene
999 2193 1036 2234 ex
1050 2192 1116 2254 pro·

122 2259 202 2318 fesso
218 2260 419 2320 sollicitantem
434 2261 591 2338 exercitus,
607 2259 790 2319 meditantem
813 2260 927 2337 lugam,
950 2277 1045 2343 neque
1068 2277 1116 2320 oc·

123 2341 221 2403 cidere
238 2361 334 2422 neque
351 2361 496 2423 seponere
512 2363 549 2421 ac,
567 2362 604 2404 ne
624 2345 652 2402 in
672 2345 784 2418 minore
804 2342 917 2422 quidem
938 2343 1050 2404 honore
1068 2343 1115 2403 ba·
1212 2405 1213 2425 ,

120 2424 193 2484 bere
211 2430 358 2505 sustinuit,
375 2427 442 2505 sed,
460 2437 490 2488 ut
505 2447 520 2488 a
537 2429 629 2507 primo
645 2428 758 2507 imperii
780 2428 844 2506 die,
867 2437 1030 2488 consortem
1052 2445 1116 2486 suc-
1211 2427 1214 2452 ”

122 2526 329 2590 cessorernque
345 2514 445 2572 testari
460 2516 669 2591 perseveravit,
685 2529 895 2590 nonnumquam
912 2521 1030 2572 secreto
1048 2529 1102 2591 pre
1127 2535 1155 2577 as

122 2592 203 2654 cibus
226 2604 255 2654 et
275 2595 401 2656 lacrimis
420 2613 522 2674 orans,
544 2603 578 2657 ut
597 2597 719 2658 taudem
738 2601 842 2656 mutuo
865 2613 941 2676 erpa
963 2614 997 2656 oc
1014 2595 1117 2656 cairan

79 2677 213 2742 loocllet
228 2695 303 2740 esse.
335 2679 414 2740 inter
431 2679 505 2740 baec
520 2690 612 2741 morte
628 2689 803 2759 praeuentus
819 2688 880 2758 est,
902 2681 1011 2740 maiore
1027 2680 1116 2739 homi·
1211 2694 1214 2756 i

120 2782 186 2824 num
203 2763 305 2825 damno
321 2783 404 2842 quam
419 2781 481 2825 suo.
912 2761 916 2768 “
1213 2771 1214 2796 ¹

185 2849 368 2928 Spectaculis
384 2847 532 2925 absolutis,
550 2851 578 2908 in
594 2867 714 2927 quorum
730 2850 787 2908 fine
799 2847 908 2927 populo
923 2865 1020 2909 coram
1031 2849 1116 2908 uber·
1213 2857 1214 2914 l

120 2936 168 2994 tim
184 2933 316 3011 llevcrat,
331 2932 454 2994 Sabinos
469 2935 542 3012 petit
556 2934 701 3013 aliquanto
716 2933 835 3008 tristior,
853 2930 930 3010 quod
942 2933 1116 2993 sacrificanti
1127 2957 1153 3000 ω
1213 2937 1214 2968 l

120 3018 215 3078 hostia
231 3017 382 3095 aufugerat
405 3017 541 3097 quodque
562 3027 734 3096 tempestate
758 3034 862 3075 serena
883 3025 1026 3076 tonuerat.
1056 3015 1115 3076 De·
1212 3039 1214 3086 ¹,

120 3101 185 3162 inde
202 3101 236 3162 ad
255 3104 374 3182 primam
388 3103 480 3162 statim
494 3103 671 3163 mansionem
687 3100 791 3162 febrim
806 3110 942 3179 nanctus,
966 3119 1029 3161 cum
1048 3099 1116 3160 inde
1212 3109 1214 3169 i

120 3185 226 3246 lectica
241 3188 455 3264 transferretur,
475 3187 644 3265 suspexisse
660 3186 762 3247 dicitur
777 3183 893 3244 dimotis
915 3185 1033 3265 pallulis
1046 3203 1114 3245 cae·
1208 3181 1214 3239 l

119 3268 186 3346 lum,
202 3270 376 3350 multumque
393 3281 569 3350 conquestus
587 3270 668 3348 eripi
681 3269 742 3332 sibi
756 3268 853 3330 uitam
867 3269 1027 3332 immersisti
1030 3295 1045 3342 ,·
1062 3287 1114 3330 rre-
1213 3278 1214 3308 l

120 3368 177 3428 quc
191 3353 269 3411 enim
284 3362 394 3416 extare
407 3353 502 3415 allum
517 3373 605 3415 suam
615 3353 733 3433 suctum
740 3354 968 3432 poenitendum,
986 3359 1115 3432 eccepto
1126 3375 1150 3416 ar
1213 3355 1214 3362 ’

121 3433 192 3490 dum
207 3440 299 3496 tacut
311 3457 382 3498 ano.
418 3438 452 3498 ld
472 3439 556 3516 quale
578 3439 678 3514 fuerit,
693 3457 797 3517 neque
817 3440 882 3517 ipsc
903 3449 969 3499 tunc
990 3437 1117 3520 prodidit
1213 3460 1214 3478 ¹

120 3532 216 3592 neque
233 3518 363 3595 cuiquam
377 3522 464 3580 facile
485 3531 643 3581 succurrat.
676 3522 796 3597 Quidam
816 3523 968 3600 opinantur
992 3539 1116 3583 consue·
1213 3522 1214 3545 ¹

119 3595 246 3676 tudinem
261 3602 458 3680 recordatum,
478 3621 561 3681 quam
581 3622 644 3662 curn
662 3606 758 3666 lratris
778 3621 870 3664 uxore
892 3604 1041 3678 babuerit;
1062 3604 1117 3666 sed
1213 3610 1214 3614 ’
