2468 3912
1224 87 1225 138 l

90 205 131 269 28
176 219 206 267 c.
224 218 375 267 susuour
388 217 516 276 τωρ.
532 216 580 262 os
595 217 676 262 trus
695 213 878 263 amasus
895 216 966 263 uns.
978 215 1003 264 1.

47 383 84 440 68
93 375 204 452 Quibus
216 374 304 434 rebus
319 381 349 432 et
362 372 567 432 devotissimos
580 371 635 430 sibi
650 379 679 430 et
692 371 868 430 fortissimos
881 369 1016 431 reddidit.
1044 373 1091 434 ln-

90 476 197 539 gresso
219 458 307 518 civile
324 456 433 516 bellum
454 459 639 516 centuriones
659 457 798 534 cuiusque
810 455 938 531 legionis
957 457 1092 534 singulos

92 545 205 624 equites
227 561 244 602 e
264 543 370 601 riatico
390 558 444 601 suo
466 541 646 620 optulerunt,
662 541 790 598 universi
808 539 915 598 milites
935 543 1093 616 gratuitam

92 638 122 689 et
136 629 200 686 siue
213 627 357 686 frumento
376 625 580 705 stipendioque
594 642 730 704 operam;
754 641 818 682 cnm
836 625 998 682 tenmorum
1018 633 1093 684 tute·
1224 647 1225 700 p

92 714 148 774 lam
162 711 373 789 locupletiores
391 712 419 768 iu
434 729 467 769 se
481 709 680 769 contulissent.
714 706 818 786 Neque
832 709 861 766 iu
883 717 940 768 um
958 709 1118 772 diuturnos
1224 701 1225 712 ¹

92 797 187 876 spatio
203 797 352 874 quisquam
375 797 491 854 omniuo
513 794 650 869 descivit,
669 792 802 871 plerique
821 794 899 871 capti
919 810 1094 853 concessam

92 880 148 942 sibi
162 878 215 938 sub
233 878 400 938 conditione
414 881 518 955 vitam,
537 880 563 937 si
581 878 705 937 militare
725 876 865 936 adversus
884 895 950 935 eum
970 877 1093 954 vellent,

91 972 275 1031 recusarunt;
295 963 398 1023 lamenn
417 972 448 1022 et
463 971 579 1022 ceteras
594 963 801 1036 necessitates,
822 977 881 1020 nou
897 979 961 1019 cnm
976 961 1094 1020 obside·

91 1057 191 1110 rentur
204 1047 291 1107 modo
306 1046 358 1107 sed
373 1050 441 1106 etsi
458 1049 514 1126 ipsi
525 1046 601 1106 alios
618 1045 800 1120 obsiderent,
815 1053 969 1123 tantopere
984 1045 1093 1105 tolera·

92 1134 176 1210 bant,
197 1131 421 1207 ntllyrracbiua
439 1133 596 1190 munitione
616 1129 771 1208 Pompeius
792 1131 858 1189 riso
878 1147 990 1206 genere
1008 1131 1092 1209 panis
1105 1149 1131 1190 le

93 1237 132 1279 ex
147 1217 252 1293 herba,
272 1234 330 1296 quo
351 1214 578 1290 sustinebantur,
599 1213 758 1292 manseris
772 1212 835 1273 sibi
848 1232 913 1273 rent
929 1232 997 1274 csse
1010 1214 1091 1273 dixe-

92 1305 146 1380 rit,
167 1303 354 1380 amoverique
374 1302 456 1360 ocius
474 1318 530 1360 nec
550 1301 681 1377 cuiquam
700 1298 814 1358 ostendi
833 1301 965 1375 iusserit,
984 1317 1023 1358 ne
1041 1316 1092 1376 pa·

93 1388 193 1447 dentia
209 1394 239 1445 et
254 1387 413 1464 pertinacia
427 1384 520 1444 bostis
535 1386 619 1444 ammi
632 1401 748 1443 suorum
762 1383 975 1460 frangerentur.

158 1470 269 1544 Quanta
294 1468 461 1528 fortitudine
486 1468 660 1544 dimicarint,
687 1469 853 1527 testimonio
877 1476 923 1526 est
945 1467 1022 1546 quod
1044 1465 1092 1526 ad-

92 1570 182 1614 verso
204 1552 296 1612 semel
317 1551 393 1630 apud
405 1551 615 1627 Dyrrhachium
634 1551 749 1631 proelio
768 1569 893 1630 poenam
913 1553 943 1610 iu
962 1570 996 1610 se
1015 1550 1092 1610 ultro
1105 1573 1134 1614 1⁵
1224 1559 1225 1626 Ῐ

94 1638 349 1717 depoposcerunt,
370 1644 401 1694 ut
422 1635 618 1696 consolandos
640 1654 693 1696 eos
715 1638 808 1712 magis
828 1637 988 1715 imperator
1009 1653 1094 1714 quam
1188 1636 1194 1652 '

94 1719 256 1802 puniendos
272 1717 414 1779 habuerit.
457 1719 571 1781 Ceteris
586 1721 709 1800 proeliis
729 1722 892 1780 innumeras
911 1720 1094 1780 adversario·

93 1822 156 1865 rum
171 1805 289 1882 copias,
301 1804 397 1864 multis
411 1805 541 1884 partibus
555 1807 610 1885 ipsi
624 1806 794 1884 pauciores,
807 1803 895 1864 facile
910 1812 1093 1883 superarunt.

92 1889 225 1967 Denique
241 1905 296 1949 uua
310 1897 411 1950 sextae
427 1888 554 1966 legionis
569 1890 677 1949 cohors
691 1891 860 1968 praeposita
876 1889 998 1948 castello
1014 1897 1094 1968 quat·

93 1981 160 2034 tuor
179 1971 300 2052 Pompei
314 1973 451 2051 legiones
463 1993 518 2053 per
533 1974 742 2053 aliquothoras
757 1974 905 2049 sustinuit,
926 1991 1020 2052 paene
1034 1988 1133 2032 omno

94 2059 138 2117 nis
154 2057 268 2118 confixa
287 2057 465 2118 multitudiue
480 2057 626 2118 hostilium
641 2059 825 2136 sagittarum,
848 2075 966 2136 quarm
981 2065 1096 2117 centum

95 2159 130 2202 ac
149 2143 265 2220 triginta
285 2143 363 2204 milia
381 2145 455 2205 iutra
476 2143 580 2204 vallum
600 2150 718 2222 reperta
738 2151 812 2201 sunt.
847 2141 911 2201 Nec
929 2143 1045 2217 mirum,
1069 2141 1095 2200 si

95 2227 158 2305 quis
179 2225 357 2304 singulorum
383 2228 460 2290 lacta
484 2229 637 2308 respiciat,
665 2225 713 2285 vel
738 2223 820 2286 (iussi
840 2227 971 2286 Scaevae
996 2234 1095 2285 centu·

94 2310 185 2370 rionis
203 2310 251 2369 vel
268 2309 319 2370 Gai
333 2311 410 2370 Acili
424 2313 540 2388 militis,
558 2330 594 2370 ue
610 2311 646 2371 de
659 2308 789 2389 pluribus
803 2310 937 2370 referam.
971 2311 1095 2385 Scaeva,

96 2409 222 2454 excusso
245 2393 346 2471 oculo,
366 2397 520 2456 transfixus
540 2397 652 2456 femore
672 2403 701 2454 et
721 2394 853 2471 humero,
877 2403 990 2454 centum
1005 2403 1035 2454 et
1053 2396 1133 2456 ri-ns

95 2476 167 2556 giuti
187 2474 291 2534 ictibus
311 2486 395 2537 scuto
412 2480 577 2559 perforato,
595 2478 753 2540 custodiam
769 2488 872 2559 portae
888 2481 1033 2539 commissi
1049 2496 1095 2538 ca·

95 2559 173 2620 stelli
189 2560 315 2619 retinuit.
353 2561 464 2623 Acilius
486 2564 581 2625 navali
602 2564 637 2624 ad
657 2562 813 2624 Massiliam
833 2563 966 2642 proelio,
989 2564 1097 2622 iniecta

95 2644 123 2705 in
138 2661 266 2725 puppem
279 2643 404 2706 hostium
418 2647 538 2708 dextera
552 2658 581 2708 et
594 2647 724 2724 abscisa,
736 2647 925 2708 memorabile
937 2647 1007 2707 illud
1021 2645 1098 2727 apud

97 2728 227 2791 Graecos
252 2725 409 2808 Cynaegiri
429 2733 591 2812 exemplum
610 2733 749 2809 imitatus,
771 2732 915 2791 transiluit
934 2732 963 2791 in
984 2749 1096 2809 navem,

96 2813 220 2874 umbone
239 2812 345 2875 obvios
360 2833 461 2893 agens.
1104 2835 1132 2877 so
1224 2829 1225 2860 l

53 2915 87 2970 09
158 2898 337 2972 Seditionem
350 2918 403 2979 per
416 2901 518 2961 decem
530 2918 620 2960 annos
633 2900 751 2962 Gallicis
764 2900 850 2960 bellis
862 2901 967 2961 nullam
980 2901 1095 2960 omnino

96 2993 265 3061 moverunt,
288 2984 421 3045 civilibus
442 2985 566 3065 aliquas,
588 2985 687 3044 sedat
704 2985 841 3046 celeriter
857 2985 892 3045 ad
908 2986 1035 3045 oilicium
1050 3003 1096 3043 re-

97 3065 215 3143 dierint,
237 3086 293 3128 nec
316 3078 373 3130 tam
394 3069 572 3148 indulgentia
598 3069 679 3129 ducis
704 3088 787 3149 quam
812 3072 994 3130 auctoritate.
1029 3067 1097 3128 Non

97 3149 172 3210 enim
187 3154 277 3212 cessit
292 3171 422 3233 umquam
436 3153 669 3214 tumultuantibus
686 3164 771 3233 atque
787 3156 872 3214 etiarn
892 3153 1006 3214 obviam
1023 3171 1096 3212 sem·

96 3251 150 3313 per
171 3235 216 3302 iit;
240 3243 269 3294 et
287 3254 391 3298 nonam
406 3238 520 3318 quidem
537 3238 685 3316 legionem
702 3238 776 3319 apud
790 3237 979 3315 Placentiam,
1001 3256 1131 3316 quam-³⁵

97 3335 179 3396 quam
200 3317 228 3375 in
244 3323 329 3379 armis
349 3322 440 3382 adhuc
456 3323 611 3401 Pompeius
633 3332 726 3400 esset,
750 3331 838 3383 totam
856 3341 919 3383 cum
939 3324 1097 3399 ignominia

96 3400 211 3462 missam
230 3399 300 3462 iecit
319 3422 467 3488 aegreque
487 3416 554 3487 post
569 3406 670 3466 multas
692 3415 721 3466 et
741 3408 881 3487 supplicis
902 3424 1022 3486 preces,
1040 3425 1097 3466 nec

53 3483 150 3549 lotdsl
172 3491 276 3546 exacta
301 3485 336 3548 de
363 3489 493 3550 sontibus
515 3507 623 3570 poena,
650 3492 789 3560 restitnit;
816 3491 982 3552 decimanos
1003 3499 1096 3550 autent
