2468 3912
140 211 181 273 42
226 223 256 272 c.
273 220 423 272 snnuoun
434 218 563 278 nomo.
579 219 626 266 nn
638 218 722 266 vrrs
738 217 923 267 cunsunnu
935 218 1004 266 nm.
1017 219 1053 266 11.

140 399 195 442 nae
214 379 364 459 provincia
381 373 541 436 accesere
559 373 626 434 data
641 381 671 433 ct
685 390 740 452 per
758 382 888 434 senatum
903 374 1072 434 confirmata
1089 392 1144 435 ex·
1208 402 1218 416 ι

139 464 253 545 pellere
266 462 350 522 armis
362 462 512 520 niteretur.
541 456 730 518 llortantibus
742 459 843 538 itaque
861 455 1007 518 nonnullis
1019 475 1142 537 percus·
1208 461 1215 510 ί

140 565 223 609 sores
235 548 262 606 ei
273 544 458 621 subornavit,
477 560 511 603 ac
520 541 622 603 fraude
633 540 818 622 deprebensa
832 540 991 622 periculum
1003 543 1031 601 in
1045 543 1143 604 vicem
1209 539 1215 586 ²

138 640 270 692 metuens
289 638 445 690 veteranos
461 626 543 687 simul
561 629 590 686 in
611 644 691 688 sunm
713 645 747 686 ac
767 629 811 687 rei
831 644 862 705 p.
884 625 1018 687 auxilium
1034 638 1142 706 quanta
1204 621 1218 670 l

139 717 232 797 potuit
255 713 409 791 largitione
434 713 593 782 contraxit;
625 713 776 791 iussusque
801 719 969 790 comparato
999 714 1165 773 exercituin
1202 707 1212 756 f

139 816 194 881 pro
213 807 351 878 praetore
368 814 508 877 praeesse
531 805 561 855 et
581 813 644 855 cum
657 795 750 856 llirtio
766 813 800 856 ac
817 794 926 873 Pansa,
943 796 991 875 qui
1007 796 1141 856 consula·
1199 796 1211 832 i

139 895 197 945 tum
215 890 420 961 susceperant,
437 880 472 941 l).
489 879 578 941 Bruto
599 897 686 960 opcrn
703 879 797 958 ferre,
815 877 1013 940 demandatum
1032 878 1142 940 bellum
1197 885 1209 926 ‘t

139 969 226 1029 tertio
244 985 344 1027 mense
364 966 491 1026 coniecit
512 963 624 1024 duobus
646 963 777 1042 proeliis.
810 963 913 1024 Priore
931 963 1074 1024 Antonius
1096 965 1140 1025 lu·
1192 965 1209 994 ⁸

138 1055 219 1131 gisse
238 1069 302 1111 eum
320 1050 422 1112 scribit
434 1068 468 1110 ac
485 1050 548 1110 sine
564 1047 769 1128 paludamento
788 1065 923 1128 equoque
941 1056 1009 1127 post
1023 1046 1140 1108 biduum
1196 1053 1213 1085 e

138 1137 250 1198 demum
274 1136 461 1215 apparuisse,
485 1135 618 1212 sequenti
635 1134 706 1194 satis
729 1140 844 1193 constat
864 1149 922 1192 non
938 1130 1024 1193 modo
1043 1131 1174 1211 ducis,1e
1195 1135 1208 1163 2

137 1221 190 1282 sed
208 1223 293 1282 etiam
303 1219 401 1280 militis
412 1219 539 1279 functum
555 1234 673 1278 munere
686 1224 771 1296 atquc
788 1218 817 1276 in
835 1216 928 1277 media
943 1215 1137 1296 dimicatione,
1193 1219 1215 1268 Τ

138 1305 289 1386 aquilifero
305 1305 431 1382 legionis
446 1320 515 1364 suae
530 1303 661 1380 graviter
677 1303 793 1379 saucio,
812 1301 936 1381 aquilam
950 1303 1055 1362 umeris
1071 1301 1137 1361 sub
1193 1299 1213 1352 5'

98 1395 128 1449 ll
137 1393 195 1451 isse
207 1389 310 1469 diuque
320 1396 464 1468 portasse.
481 1386 545 1447 Hoc
557 1385 636 1447 bello
649 1383 824 1446 cumilirtius
839 1387 868 1445 in
879 1387 951 1463 acie,
963 1384 1055 1446 Pansa
1068 1403 1137 1465 pan·
1196 1383 1213 1428 Γ

137 1475 166 1535 lo
184 1481 252 1553 post
272 1490 310 1533 ex
322 1471 443 1532 vulnere
455 1473 614 1551 perissent,
639 1488 737 1531 rumor
751 1469 909 1531 increbruit
927 1469 1026 1530 ambos
1045 1486 1138 1550 opera
1196 1478 1209 1503 ⁸

138 1559 200 1618 eius
229 1558 364 1633 occisos,
389 1563 419 1615 ut
438 1554 564 1616 Antonio
589 1555 705 1633 fugato,
733 1573 767 1615 re
789 1572 819 1634 p.
846 1553 1011 1616 consulibus
1034 1553 1173 1621 orbature
1199 1517 1226 1613 l

138 1640 218 1701 solus
235 1641 365 1699 victores
381 1640 527 1699 exercitus
547 1647 716 1718 occuparet.
743 1638 855 1700 Pansae
871 1636 986 1719 quidem
1000 1637 1074 1701 adeo
1091 1658 1136 1699 su·
1201 1636 1225 1710 *l

137 1731 242 1803 specta
254 1741 334 1783 mors
348 1723 418 1801 fuit,
436 1731 467 1783 ut
486 1722 577 1798 Glyco
594 1722 722 1784 medicus
739 1722 898 1784 custoditus
915 1725 966 1801 sit,
988 1725 1069 1802 quasi
1086 1741 1136 1783 ve·
1201 1716 1226 1814 l

137 1825 241 1868 nenum
263 1806 376 1867 vulneri
397 1806 555 1868 indidisset.
591 1806 689 1868 Adicit
713 1806 758 1868 bis
778 1806 911 1888 Aquilius
931 1807 1039 1886 Niger,
1066 1807 1136 1870 alte·
1201 1826 1226 1862 η

137 1908 199 1952 rum
222 1910 239 1951 e
265 1891 432 1952 consulibus
456 1891 577 1952 llirtium
594 1893 623 1951 in
641 1910 756 1971 pugnae
775 1892 894 1952 tumultu
912 1892 1028 1971 abipso
1048 1893 1135 1952 inter·
1197 1888 1210 1914 ‘⁴

97 1984 271 2055 laemptnrn.
303 1973 363 2036 Sed
376 1984 407 2036 ut
419 1977 557 2055 cognovit
569 1975 725 2037 Antonium
739 1985 807 2056 post
821 1977 919 2055 fugam
937 1976 1005 2040 abl.
1023 1976 1170 2057 lepido„
1195 1989 1212 2016 ¹·

136 2069 287 2140 receptum
308 2069 483 2141 ceterosque
501 2059 637 2122 duceret
657 2063 804 2122 exercitus
819 2063 984 2123 consentire
1000 2079 1054 2141 pro
1070 2078 1134 2140 par·
1194 2095 1204 2128 2

137 2146 229 2223 tibus,
246 2163 361 2206 causam
376 2147 553 2225 optimatium
567 2147 630 2207 sine
643 2147 826 2207 cunctatione
842 2145 986 2224 deseruit,
1002 2145 1038 2206 ad
1050 2163 1134 2225 prae·
1191 2167 1212 2209 ε·

136 2238 244 2290 tentum
258 2239 382 2291 mutatae
394 2230 549 2291 voluntatis
561 2228 637 2291 dicta
649 2230 784 2309 factaque
796 2229 972 2310 quorundam
983 2230 1134 2291 calumnia·
1188 2233 1207 2284 l*

137 2322 199 2390 tus,
215 2315 297 2394 quasi
311 2314 359 2375 alii
373 2332 406 2374 se
422 2332 556 2393 puerum,
573 2314 620 2374 alii
636 2313 793 2374 ornandum
807 2313 1023 2396 tollendumque
1031 2317 1134 2376 iactas·
1193 2326 1201 2362 ἑ

136 2405 218 2473 sent,
232 2416 269 2457 ne
285 2406 332 2458 aut
347 2397 402 2459 sibi
417 2406 464 2458 ant
477 2401 624 2458 veteranis
645 2415 698 2478 par
713 2400 808 2477 gratia
822 2399 993 2460 referretur.
1024 2397 1063 2460 lit
1078 2416 1135 2478 quo
1145 2424 1173 2465 ac
1193 2408 1209 2432 ‘⁴

135 2481 229 2557 magis
261 2482 464 2560 paenitentiam
497 2484 602 2560 prioris
638 2492 737 2544 sectae
766 2481 959 2563 approbaret,
993 2484 1136 2546 Nursinos
1195 2483 1220 2514 ’”’

136 2562 238 2642 grandi
253 2566 376 2644 pecunia
391 2574 420 2625 et
433 2583 517 2645 quam
533 2565 663 2644 pendere
677 2568 831 2648 nequirent
850 2567 985 2629 multatos
1001 2577 1136 2630 extorres
1198 2585 1215 2622 ε’

137 2647 246 2728 oppido
262 2650 333 2726 egit,
347 2648 584 2729 quodblutinensi
592 2652 655 2712 acie
667 2653 904 2732 interemptorum
915 2655 1019 2714 civium
1027 2653 1135 2714 tumulo
1196 2669 1211 2712 ε’

136 2731 254 2812 publice
273 2740 405 2794 extructo
421 2735 632 2814 ascripserant,
648 2754 702 2815 pro
724 2735 860 2798 libertate
880 2754 933 2798 eos
949 2737 1135 2798 occubuisse.
1194 2741 1210 2804 ἐ·

95 2839 129 2892 13
199 2816 272 2878 Inita
286 2835 350 2877 cum
364 2817 491 2878 Antonio
506 2827 537 2878 et
548 2818 659 2898 bepido
680 2821 840 2900 societate,
860 2820 1048 2902 Philippense
1063 2839 1173 2902 quc-³0
1195 2833 1206 2862 t

137 2919 193 2981 quc
210 2901 334 2980 bellum,
357 2920 525 2982 quamquam
539 2903 681 2965 invalidus
697 2912 782 2985 atque
796 2923 904 2984 aeger,
924 2905 1033 2986 duplici
1047 2923 1136 2986 proe·
1195 2920 1207 2943 t

135 2985 174 3046 lio
195 2987 353 3066 transegit,
382 3004 500 3066 qnorum
521 2990 621 3067 priore
646 2991 749 3051 castris
772 2999 875 3050 erutus
901 2992 948 3052 vix
970 2989 1006 3051 ad
1026 2990 1137 3052 Antoni
1192 2979 1222 3091 l

137 3086 226 3130 cornu
247 3071 317 3148 iuga
338 3081 483 3132 evaserat.
522 3071 586 3133 Nec
607 3091 776 3135 successum
804 3076 945 3136 victoriae
967 3074 1136 3136 moderatus
1191 3081 1219 3158 ’ἦ

136 3161 196 3229 est,
211 3154 263 3214 sed
280 3157 376 3234 capite
390 3155 469 3216 Bruti
480 3157 600 3218 Romam
615 3158 719 3235 misso,
739 3166 770 3218 ut
790 3167 901 3220 statuae
917 3157 1052 3221 Caesaris
1067 3158 1134 3219 sub-
1195 3174 1198 3183 ·

135 3238 277 3315 icerctur,
294 3240 323 3298 in
337 3239 596 3319 splendidissimum
608 3257 750 3322 quemque
765 3245 910 3322 captivum
923 3261 981 3304 non
993 3245 1055 3305 sine
1066 3261 1133 3304 ver·
1144 3259 1172 3302 aa
1197 3287 1202 3294 .
1219 3281 1221 3322 ‡

134 3319 235 3380 borum
256 3324 427 3385 contumelia
448 3327 564 3396 saeviit3
584 3335 615 3386 ut
645 3326 759 3405 quidem
779 3329 826 3388 uni
848 3327 1021 3408 suppliciter
1034 3327 1133 3407 sepul·
1218 3335 1221 3350 ¹

134 3411 226 3462 turam
247 3409 378 3482 precanti
404 3408 593 3489 respondisse
619 3408 744 3488 dicatio,
771 3411 835 3472 ium
853 3412 947 3473 istam
971 3411 1135 3474 volucrum
1216 3413 1221 3468 i

131 3485 205 3564 sore
221 3492 425 3566 potcstctem,·
447 3491 536 3571 alios,
556 3502 668 3572 patrem
687 3502 716 3554 et
736 3494 833 3574 filium,
851 3512 905 3574 pro
926 3497 986 3556 vita
999 3497 1134 3574 rogantis
1152 3574 1159 3582 .
1200 3521 1221 3605 q
