2468 3912
482 235 586 284 nuvos
609 236 735 285 murus.
1067 228 1105 290 31

105 409 175 451 usus
190 389 384 450 dominatione
404 399 434 450 et
454 392 517 450 iure
534 408 636 452 caesus
655 395 843 454 existimetur.
887 390 953 453 Non
968 395 1042 453 enim
1056 393 1106 455 bo·

104 493 194 536 nores
213 474 300 535 modo
319 476 422 535 nimios
442 476 571 554 recepit:
600 479 762 537 continuum
785 477 980 556 consulatum,
1002 496 1105 558 perpe-

104 568 180 620 tuam
199 559 382 637 dictaturam,
405 560 674 640 praefecturamque
696 579 819 639 morum,
841 564 959 642 insuper
984 580 1105 641 praeuo-

7 657 10 666 ’
103 661 169 704 men
195 642 398 723 Imperatoris,
430 661 593 722 cognomen
615 645 708 706 Patris
734 648 860 726 patriae,
886 655 1006 707 statuam
1032 648 1108 706 inter

79 745 210 806 sreges,
237 737 407 806 suggestum
425 730 454 787 in
474 728 639 800 orchestra;
666 730 718 790 sed
739 740 769 790 et
789 731 929 811 ampliora
950 733 1035 792 etiam
1056 731 1105 790 bu-

102 829 187 874 mano
203 812 322 890 fastigio
338 812 457 873 decerni
475 812 529 873 sibi
545 833 648 893 passus
664 824 722 874 est:
742 815 841 876 sedem
856 818 1012 877 aureamin
1027 817 1106 876 curia

103 905 134 958 ct
149 914 203 976 pro
217 895 367 975 tribunali,
386 907 496 958 tensam
509 907 539 958 et
551 899 693 959 ferculum
709 900 834 960 circensi
847 917 968 980 pompa,
986 899 1105 979 templa,

102 999 182 1057 aras,
206 981 357 1041 simulacra
379 983 458 1043 iuxta
480 982 568 1062 deos,
595 983 743 1063 pulvinar,
770 983 927 1061 flaminem,
955 985 1103 1064 lupercos,

103 1065 329 1146 appellationem
345 1067 452 1126 mensis
470 1086 485 1126 e
506 1085 559 1127 suo
574 1070 704 1138 nomine;
726 1086 760 1128 ac
785 1068 880 1128 nullos
901 1085 958 1128 non
974 1068 1105 1128 honores

65 1169 92 1211 ro
103 1150 140 1212 ad
156 1149 303 1210 libidinem
324 1152 402 1231 cepit
416 1160 445 1210 et
458 1150 544 1212 dedit.
589 1151 715 1212 Tertium
731 1161 761 1213 et
780 1159 907 1231 quartum
926 1152 1104 1212 consulatum
1183 1150 1187 1158 '
1223 1213 1224 1240 ,

102 1234 185 1295 titulo
207 1243 290 1295 tenus
309 1236 417 1313 gessit,
441 1244 593 1296 contentus
616 1237 774 1298 dictaturae
797 1244 942 1316 potestate
965 1236 1102 1297 decretae

102 1337 167 1380 cum
184 1317 381 1380 consulatibus
397 1319 495 1396 simul,
517 1328 601 1399 atque
622 1330 746 1401 utroque
767 1338 840 1380 anno
861 1319 945 1380 binos
967 1319 1103 1380 consules

102 1403 248 1465 substituit
262 1403 319 1463 sibi
332 1405 360 1463 in
376 1412 474 1464 ternos
486 1406 659 1465 novissimos
672 1423 803 1482 menses,
824 1407 863 1466 ita
879 1412 908 1464 ut
923 1403 1017 1464 medio
1034 1413 1102 1464 tem·
1223 1479 1224 1486 ἵ

101 1506 177 1569 pore
198 1488 313 1548 comitia
334 1488 411 1548 nulla
432 1487 563 1549 babuerit
589 1499 705 1569 praeter
723 1490 898 1550 tribunorum
921 1497 951 1549 et
969 1487 1102 1550 aedilium
1163 1528 1179 1557 ,2

62 1570 212 1653 replebis,
236 1571 461 1653 praefectosque
484 1574 741 1654 propraetoribus
765 1575 961 1651 constituerit,
984 1575 1031 1653 qui
1053 1591 1101 1653 ap·

101 1665 187 1718 sente
210 1674 243 1715 ee
263 1673 312 1714 res
334 1656 457 1718 urbanas
478 1656 716 1720 administrarent.
760 1658 855 1719 Pridie
880 1668 974 1720 autem
995 1643 1114 1719 Kalen-l

100 1741 153 1802 das
167 1739 312 1800 lanuarias
327 1744 477 1820 repentina
491 1744 618 1803 consulis
633 1753 725 1805 morte
740 1753 902 1805 cessantem
917 1743 1059 1804 bonorem
1072 1744 1101 1801 in

99 1842 210 1906 paucas
233 1823 321 1885 boras
344 1827 452 1904 petenti
477 1825 565 1887 dedit.
608 1827 857 1889 Eadem'licentia
878 1836 979 1907 spreto
1006 1828 1100 1907 patrio

98 1925 198 1985 more,
214 1909 398 1985 magistratus
413 1911 441 1969 in
456 1909 547 1988 pluris
561 1929 652 1972 annos
667 1911 825 1986 ordinavit,
840 1912 941 1972 decem
956 1912 1100 1991 praetoris

62 2015 88 2057 ro
99 1993 171 2052 viris
187 1992 349 2052 consularia
366 2002 531 2054 ornamenta
546 1993 658 2073 tribuit,
675 1998 792 2055 civitate
810 1995 949 2072 donatos,
970 2002 1000 2054 et
1014 2012 1099 2073 quos·

98 2077 164 2138 dam
178 2095 195 2136 e
210 2075 414 2137 semibarbaris
430 2076 590 2155 Gallorum,
612 2081 726 2158 recepit
739 2080 768 2138 in
785 2080 900 2138 curiam.
945 2077 1100 2139 Praeterea

98 2169 233 2222 monetae
253 2160 436 2242 publicisque
459 2161 651 2240 vectigalibus
672 2162 836 2243 peculiares
856 2177 960 2222 servos
976 2179 1099 2241 praepo-

99 2248 166 2306 suit.
202 2245 298 2306 'l'rium
312 2245 473 2323 legionum,
489 2264 559 2326 quas
572 2245 775 2308 Alexandreae
790 2245 987 2326 relinquebat,
1004 2263 1100 2306 curam

100 2339 129 2390 et
144 2331 294 2410 imperium
305 2330 399 2391 Rulini
415 2330 511 2391 liberti
524 2333 567 2391 sui
584 2332 659 2409 lilio,
676 2330 810 2392 exsoleto
826 2348 893 2408 suo,
907 2330 1098 2392 demandavit.

63 2413 163 2475 ealles
186 2415 305 2475 minoris
330 2416 507 2494 inpotentiae
529 2433 621 2476 voces
646 2415 795 2497 propalam
818 2413 942 2492 edebat,
968 2424 998 2475 ut
1018 2415 1098 2476 Titus
1107 2425 1140 2483 77

98 2499 219 2578 Ampius
241 2497 357 2575 scribit,
384 2497 470 2561 Nibe'l
491 2517 559 2561 esse
578 2519 643 2561 rem
663 2498 837 2580 publicam,
861 2500 1099 2579 appellationem

98 2582 190 2645 modo
214 2583 281 2644 sine
304 2600 437 2663 corpore
463 2602 503 2646 cc
521 2585 633 2664 specte.
674 2583 793 2646 Sullam
812 2585 949 2648 crescam
967 2584 1097 2661 litterae,

99 2667 153 2748 qui
165 2667 352 2729 dictatorum
366 2668 551 2747 deposuerit.
585 2669 706 2730 Debere
718 2669 854 2731 domines
871 2669 1099 2731 consideratius

97 2751 162 2814 ium
178 2751 263 2832 loqui
276 2770 392 2829 remim,
420 2770 460 2814 oc
477 2772 536 2831 pro
557 2752 675 2834 lepidus
688 2752 804 2815 babere
818 2772 898 2834 quoe
912 2753 1005 2815 dicct.
1038 2752 1097 2812 Eo-

63 2853 88 2895 so
98 2855 155 2917 que
170 2838 353 2914 arrogantiae
373 2854 549 2916 progressus
564 2846 626 2914 est,
648 2847 694 2916 ut,
716 2838 869 2919 haruspice
885 2838 976 2897 tristia
990 2845 1019 2896 et
1034 2837 1097 2896 sine

99 2921 189 2982 corde
202 2930 268 2981 exta
281 2921 423 3000 quondam
437 2924 596 2999 nuntiante,
610 2921 721 3000 fotura
734 2923 845 2984 diceret
860 2922 1009 2997 laetiora,
1031 2939 1098 2982 cum

96 3003 208 3076 cellet;
220 3023 277 3066 nec
288 3023 349 3084 pro
365 3013 481 3068 ostento
497 3006 682 3082 docendum,
698 3007 728 3068 si
738 3007 853 3086 pecudi
866 3025 921 3068 cor
938 3003 1095 3082 descisset.

161 3091 269 3151 Verum
291 3092 476 3171 praecipuam
496 3101 525 3153 et
540 3091 715 3153 exitiabilem
736 3091 791 3151 sibi
806 3091 940 3151 invidiam
958 3089 1025 3149 binc
1039 3100 1140 3156 mats

97 3176 173 3236 xime
188 3177 286 3235 morit.
316 3173 457 3236 Adeuntis
473 3194 505 3236 se
523 3193 585 3236 cum
599 3176 727 3255 plurimis
738 3174 1096 3252 honorificentissimisque

63 3258 225 3320 asdecretis
246 3261 400 3320 universos
420 3269 517 3340 patres
540 3262 725 3340 conscriptos
746 3259 850 3320 sedens
872 3275 925 3338 pro
948 3258 1022 3319 aede
1037 3259 1095 3318 Ve-

26 3340 29 3348 '
97 3346 176 3404 neris
192 3344 353 3405 Genetricis
377 3345 504 3424 excepit.
549 3344 669 3420 Quidam
688 3353 786 3424 putant
799 3351 940 3405 retentum
955 3362 972 3404 a
987 3341 1095 3403 Gorne-

97 3427 137 3488 lio
150 3427 260 3505 Balbo,
277 3445 339 3488 cum
353 3437 508 3490 conaretur
521 3447 693 3507 assurgere:
710 3427 757 3490 alii
765 3476 773 3506 ,
787 3447 823 3489 ne
839 3437 970 3490 conatum
983 3427 1096 3507 quidem

14 3527 21 3542 ·
98 3513 229 3586 omnino,
251 3509 303 3572 sed
324 3512 411 3574 etiam
431 3511 631 3575 admonentem
653 3513 751 3576 Gaium
771 3513 933 3576 Trebatium
956 3522 987 3572 ut
1002 3529 1096 3572 assur·
