2466 3896
484 283 654 333 umusms.
1010 275 1070 338 11⁵7

77 442 163 504 modo
177 440 346 516 destinavit,
367 456 424 499 non
445 448 555 499 temere
575 441 725 518 quicquam
742 443 796 502 nisi
811 461 849 502 ex
860 450 921 502 tuto
937 459 1068 504 ausurus.

12 581 18 598 ,
77 528 136 588 Sed
152 524 372 604 tempestatibus
390 532 419 582 et
432 524 654 602 ingravescente
670 526 698 583 vi
714 525 808 584 morbi
823 534 963 604 retentus,
981 528 1067 607 paulo

76 620 143 691 post
158 609 229 670 obiit
248 609 276 666 in
293 607 362 668 villa
377 607 547 684 Lucullana,
567 615 671 666 octavo
688 617 718 667 et
735 612 950 689 septuagesimo
966 600 1069 673 aetatis

76 713 161 770 auno,
186 694 273 753 tertio
300 700 330 752 et
350 693 489 752 vicesimo
506 688 629 770 imperii,
657 691 749 752 XVll.
762 693 808 752 lll.
823 693 880 773 Ap.
902 693 961 755 ott.
976 696 1068 757 Acer·

12 825 13 830 η
56 780 161 842 cronio
175 777 300 838 Proculo
315 774 348 836 (l.
365 776 468 847 Pontio
479 775 601 852 Nigrino
615 792 711 835 conss.

137 863 208 922 Sunt
223 862 271 940 qui
287 869 402 940 putent,
426 876 568 919 venenum
582 861 609 919 ei
625 877 641 919 a
658 858 729 921 Gaio
748 858 842 920 datum
860 861 967 922 lentum
982 873 1068 944 atque

12 963 14 980 ¹
74 946 233 1015 tabilioum;
258 945 324 1023 alii,
348 946 377 1004 in
398 945 569 1003 remissione
586 943 721 1004 fortuitae
741 943 832 1004 febris
849 944 941 1006 cibum
956 947 1067 1008 deside-

73 1033 147 1092 ranti
163 1039 316 1108 negatum:
333 1028 478 1104 nonnulli,
503 1027 648 1106 pulvinum
665 1029 808 1106 iniectum,
831 1047 894 1088 cum
909 1039 1069 1091 extractum

73 1115 128 1176 sibi
150 1115 295 1174 deficienti
316 1107 511 1193 anulumlmon
531 1113 708 1191 resipiscens
731 1114 911 1190 requisisset.
955 1114 1069 1174 Seneca
1086 1117 1115 1168 tt

45 1217 141 1261 neum
154 1195 275 1274 scribit,*
292 1197 439 1257 intellecta
459 1196 641 1271 delectione,
663 1205 827 1274 exemptum
850 1197 963 1256 anulum
987 1199 1069 1276 quasi
1082 1193 1119 1262 tt

73 1284 160 1345 alicui
178 1282 344 1343 traditurum
360 1297 514 1360 parumper
534 1281 678 1355 tenuisse,
700 1279 765 1339 dein
780 1297 879 1338 rursus
894 1289 1009 1358 aptasse
1028 1280 1067 1340 di·
1078 1281 1114 1342 δ’]

72 1370 155 1445 gito,
183 1375 212 1426 et
236 1382 405 1443 compressa
430 1365 545 1423 sinistra
565 1381 649 1422 manu
671 1364 796 1423 iacuisse
813 1362 859 1422 diu
880 1363 1112 1444 immobilem;t7

12 1463 16 1484 ³
72 1450 170 1512 subito
183 1451 296 1510 vocatis
307 1448 442 1507 ministris
454 1465 490 1507 ac
501 1449 614 1506 nemine
625 1446 829 1526 respondente,
839 1449 1068 1527 consurrexisse,
1074 1455 1122 1513 ‘ab

71 1553 131 1596 uec
147 1533 249 1612 procul
265 1532 402 1594 alectulo
420 1530 619 1591 deficientibus
633 1531 742 1592 viribus
755 1530 939 1616 concidisse.)
1074 1529 1117 1588 ‘ll
1141 1527 1205 1586 ΞΠ

42 1635 63 1676 rc
141 1618 282 1696 Supremo
293 1617 379 1677 natali
394 1633 447 1676 suo
465 1614 633 1694 Apollinem
645 1615 822 1676 Temenitem
834 1624 863 1676 et
877 1616 1067 1696 amplitudinis
1075 1621 1108 1678 tl

72 1713 104 1764 et
116 1702 187 1763 artis
204 1703 341 1778 eximiae,
359 1700 511 1762 advectum
527 1699 679 1776 Syracusis
696 1709 726 1760 ut
737 1701 766 1759 in
781 1699 957 1762 bibliotheca
967 1701 1068 1781 templi

12 1805 14 1816 ’
71 1789 143 1848 novi
160 1795 333 1865 poneretur,
355 1785 466 1845 viderat
488 1802 542 1863 per
563 1785 688 1863 quietem
709 1784 898 1846 affirmantem
917 1786 990 1863 sibi,
1010 1803 1068 1845 non

73 1888 167 1951 posse
183 1888 215 1930 se
235 1868 270 1929 ab
286 1872 352 1948 ipso
365 1869 501 1929 dedicari.
535 1867 572 1928 Et
587 1877 653 1928 ante
665 1885 775 1948 paucos
792 1886 877 1947 quam
895 1868 990 1928 obiret
1005 1869 1068 1929 dies

72 1956 163 2015 turris
184 1953 269 2014 Phari
290 1960 482 2012 terraemotu
501 1949 621 2029 Capreis
644 1951 776 2012 concidit.
812 1952 859 2012 Ac
872 1952 975 2014 Miseni
997 1953 1068 2012 ciuis

40 2054 90 2099 tce
108 2037 208 2097 favilla
224 2045 253 2097 et
269 2034 442 2097 carbonibus
458 2033 493 2093 ad
506 2034 711 2094 calfaciendum
728 2035 880 2095 triclinium
893 2035 1002 2113 inlatis,
1018 2054 1067 2095 ex·

12 2163 13 2168 η
73 2125 181 2182 tinctus
195 2123 251 2181 iam
264 2129 293 2181 et
307 2118 353 2178 diu
370 2117 499 2196 frigidus,
516 2121 624 2177 exarsit
638 2127 768 2196 repente¹
779 2120 869 2195 prima
888 2137 1013 2198 vespera
1028 2127 1067 2179 at·

75 2224 133 2284 que
148 2207 177 2264 in
189 2204 305 2264 multam
320 2212 436 2263 noctem
450 2203 639 2281 pertinaciter
656 2202 736 2262 luxit.

138 2288 233 2350 Morte
251 2290 313 2349 eius
329 2289 368 2348 ita
389 2286 511 2348 laetatus
532 2294 578 2346 est
595 2286 736 2365 populus,
758 2295 788 2344 ut
808 2285 844 2346 ad
861 2288 979 2365 primum
998 2305 1065 2348 nun·
1076 2303 1110 2362 75

76 2375 144 2434 tium
161 2373 356 2432 discurrentes
375 2389 458 2450 pars:
484 2368 637 2431 Tiberium
653 2369 684 2430 in
707 2367 860 2434 Tiberim!
878 2371 1067 2450 clamitarent,

43 2471 66 2513 tc
75 2475 143 2536 pars
158 2457 276 2517 Terram
287 2465 405 2516 matrem
423 2455 553 2533 deosque
567 2453 667 2515 Manes
682 2462 813 2531 orarent,
834 2473 873 2515 na
885 2461 1004 2517 mortuo
1020 2473 1067 2517 sc-

75 2541 143 2602 dcm
158 2541 254 2601 ullum
265 2539 327 2600 nisi
339 2541 419 2600 inter
430 2539 542 2617 impios
556 2538 676 2614 darent,
693 2537 740 2598 alii
754 2556 856 2598 uncum
874 2547 903 2599 et
915 2538 1068 2601 Gemonias

76 2623 211 2685 cadaveri
229 2627 420 2700 minarentur,
447 2622 615 2684 exacerbati
635 2639 723 2700 super
740 2623 904 2683 memoriam
930 2626 1068 2704 pristinae

76 2707 255 2769 crudelitatis
269 2710 354 2768 etiam
369 2708 480 2768 recenti
495 2707 655 2767 atrocitate.
692 2704 766 2766 Nam
785 2725 848 2766 cum
865 2716 981 2768 senatus
1000 2725 1068 2767 cou-

76 2793 151 2852 sulto
169 2801 280 2852 cautum
295 2801 374 2852 esset
387 2800 416 2851 ut
434 2808 529 2870 poena
543 2790 738 2850 damnatorum
752 2791 781 2848 in
800 2790 940 2850 decimum
954 2807 1069 2869 semper

45 2875 151 2936 etiem
167 2875 340 2954 differretur,
362 2876 439 2936 lorte
454 2872 559 2935 accidit
577 2883 606 2934 ut
626 2873 801 2952 quorundam
816 2875 951 2954 supplicii
966 2873 1028 2932 dies
1044 2875 1069 2932 is

12 3023 21 3042 ,
77 2969 165 3037 esset,
183 2978 239 3039 quo
257 2963 412 3021 nuntiatum
427 2958 461 3018 de
476 2957 593 3018 Tiberio
611 2967 682 3017 erat.
711 2957 773 3017 llos
788 2957 965 3036 implorantis
979 2957 1069 3016 bomi-

76 3062 141 3104 num
156 3045 257 3122 lidem,
280 3045 345 3124 quia
362 3044 481 3104 absente
498 3041 592 3102 adhuc
611 3040 681 3103 Gaio
695 3058 781 3102 nenio
797 3040 913 3100 extabat
933 3043 980 3119 qui
997 3040 1069 3101 adiri

77 3127 314 3208 interpellarique
330 3136 447 3207 posset,
466 3125 616 3201 custodes,
638 3144 674 3184 ne
693 3124 760 3204 quid
776 3123 916 3185 adversus
933 3128 1068 3185 constitu-

76 3219 133 3271 tum
152 3212 298 3288 iacerent,
328 3210 579 3288 strangulaverunt
601 3208 827 3286 abieceruntque
850 3209 878 3266 in
905 3206 1066 3270 Gemonias.

44 3311 68 3354 aa
79 3293 176 3357 Grerit
191 3297 277 3373 igitur
295 3297 417 3371 invidia,
439 3295 519 3372 quasi
532 3294 616 3354 etiam
631 3300 698 3372 post
711 3300 834 3351 mortem
847 3294 959 3366 tyranni
974 3295 1067 3354 saevi·

12 3427 17 3446 ,,
77 3379 324 3460 tiapermanente.
361 3377 476 3456 Corpus
494 3375 804 3437 utmoverialliseno
821 3375 934 3454 coepit,
952 3377 1067 3438 concla-
1182 3376 1184 3380 ’

76 3463 215 3524 mantibus
230 3463 377 3542 plerisque
388 3459 521 3523 Atellam
529 3460 634 3540 potios
648 3459 847 3540 deferendum
860 3465 890 3520 ct
903 3458 936 3520 in
949 3459 1066 3539 amplii-
