2468 3912
141 239 181 302 60
226 251 256 299 c.
272 249 422 300 sunnoru
437 247 564 307 annuo.
580 247 627 293 nn
640 247 721 294 vina
738 245 919 294 consanum
935 247 1003 295 arn.
1020 249 1057 297 11.

141 420 274 487 tempore
288 414 317 466 et
329 405 398 465 loco
414 402 483 480 lege
497 411 597 462 vetere
613 403 797 482 permissam,
818 401 921 463 ademit
937 412 1142 484 praeterquam

142 493 217 555 ludis
244 498 273 550 et
293 506 391 549 scena.
427 486 491 546 Nec
513 496 607 546 tamen
628 503 664 545 eo
684 487 775 544 minus
792 495 839 545 aut
852 487 1029 562 xysticorum
1046 500 1141 552 certa·
1215 513 1216 518 ¹

142 579 236 638 tiones
257 582 305 632 aut
324 571 513 649 gladiatorum
539 588 650 649 pugnas
675 571 859 630 severissime
887 589 1002 650 semper
1028 577 1142 651 exegit.

141 659 214 720 Nam
234 656 401 716 histrionum
415 655 559 715 licentiam
573 654 647 714 adeo
664 655 855 732 compescuit,
874 664 903 715 ut
914 655 1142 734 Stephanionem

142 743 331 820 togatarium,
349 741 394 800 cui
410 740 438 798 in
456 739 595 817 puerilem
606 738 732 797 habitum
747 739 965 798 circumtonsam
981 749 1168 803 matronams

143 826 322 887 ministrasse
339 833 535 903 compererat,
553 841 606 901 per
617 823 690 882 trina
706 820 817 882 theatra
832 823 923 901 virgis
935 840 1051 884 caesum
1063 825 1142 885 rele-

143 910 271 989 gaverit,
287 907 380 984 llylan
398 908 616 986 pantomimum,
635 915 774 984 querente
790 916 940 985 praetore,
957 907 985 967 in
998 910 1071 969 atrio
1089 908 1142 969 do-

143 1012 205 1054 mus
227 1011 297 1054 suae
324 995 436 1052 nemine
465 991 587 1050 excluso
616 990 740 1068 llagellis
762 989 935 1067 verberarit,
961 1001 990 1052 et
1011 991 1144 1067 Pyladen

143 1078 214 1139 urbe
231 1087 318 1157 atque
331 1075 413 1137 ltalia
432 1076 627 1150 summoverit,
646 1073 723 1152 quod
739 1084 950 1154 spectatorem,
965 1094 982 1135 a
1002 1093 1059 1154 quo
1079 1079 1142 1136 exi·

142 1162 298 1239 bilabatur,
316 1159 541 1221 demonstrasset
556 1158 645 1236 digito
662 1161 906 1237 conspicuumque
920 1160 1050 1219 fecisset.
1154 1182 1178 1222 io

101 1259 136 1316 46
208 1246 254 1307 Ad
279 1245 355 1305 bunc
378 1244 492 1305 modum
517 1242 587 1303 urbe
613 1241 786 1321 urbanisque
811 1243 899 1303 rebus
926 1243 1142 1322 administratis,

145 1331 255 1392 ltaliam
273 1329 484 1406 duodetriginta
501 1327 679 1388 coloniarum
694 1344 829 1403 numero,
845 1327 1028 1408 deductarum
1043 1328 1078 1388 ab
1096 1349 1142 1405 se,
1213 1382 1220 1422 ,

142 1414 337 1494 frequentavit
353 1411 549 1490 operibusque
564 1429 599 1470 ac
614 1410 807 1488 vectigalibus
823 1410 946 1490 publicis
963 1411 1142 1491 plurilariam
1219 1427 1220 1440 ¹

143 1497 291 1572 instruxit,
314 1497 399 1556 etiam
419 1497 480 1555 iure
504 1513 540 1555 ac
559 1494 724 1572 dignatione
746 1494 810 1554 urbi
832 1494 955 1574 quodam
976 1495 1062 1556 modo
1085 1514 1142 1575 pro

143 1589 226 1661 parte
252 1579 346 1657 aliqua
373 1578 559 1655 adaequavit,
589 1579 757 1655 excogitato
783 1597 894 1656 genere
925 1579 1179 1657 suffragiorum,1s

145 1681 219 1742 quae
246 1661 282 1722 de
308 1661 521 1738 magistratibus
546 1661 654 1722 urbicis
681 1663 853 1722 decuriones
879 1663 1004 1724 colonici
1034 1665 1062 1723 in
1089 1683 1143 1725 sua
1221 1706 1222 1744 ι

146 1747 267 1825 quisque
284 1745 399 1805 colonia
414 1745 524 1806 ferrent
541 1753 570 1803 et
584 1746 635 1806 sub
650 1745 696 1805 die
713 1747 890 1806 comitiorum
913 1746 1066 1825 obsignata
1080 1749 1142 1809 llo-
1221 1787 1222 1790 =

143 1848 217 1890 mam
232 1829 386 1889 mitterent.
422 1828 470 1889 Ac
491 1827 595 1888 necubi
617 1838 665 1889 aut
685 1829 871 1891 honestorum
892 1830 1030 1891 deiiceret
1054 1835 1142 1910 copia

144 1922 191 1975 aut
212 1912 396 1974 multitudinis
418 1912 553 1989 suboles,
578 1922 742 1992 equestrem
763 1914 889 1976 militiam
909 1917 1033 1993 petentis
1054 1917 1142 1976 etiam
1222 1944 1223 2022 p

144 2018 183 2059 ex
198 1997 446 2059 commendatione
462 1997 577 2077 publica
594 1999 731 2076 cuiusque
747 1999 847 2077 oppidi
864 1998 1029 2068 ordinabat;
1048 2009 1076 2059 at
1091 2002 1138 2076 iis,
1150 2027 1177 2066 ιι

145 2084 192 2162 qui
207 2101 225 2142 c
243 2082 330 2161 plebe
345 2085 484 2160 regiones
499 2081 553 2141 sibi
568 2083 706 2141 reuisenti
718 2081 794 2142 lilios
806 2083 918 2143 filiasve
934 2083 1141 2162 approbarent,

145 2166 260 2244 singula
275 2184 451 2227 nummorum
467 2167 542 2226 milia
559 2182 613 2245 pro
628 2165 750 2242 singulis
766 2165 919 2227 dividebat.

102 2248 135 2304 47
208 2251 376 2311 Provincias
390 2251 547 2312 validiores
569 2258 597 2309 et
612 2267 683 2329 quas
700 2250 800 2309 annuis
820 2251 1034 2328 magistratuum
1048 2251 1141 2330 impe·

144 2336 193 2394 riis
212 2335 277 2410 regi
300 2353 356 2394 nec
375 2334 462 2394 facile
483 2353 538 2394 nec
557 2342 646 2394 tutum
668 2340 746 2409 erat,
771 2333 835 2413 ipse
857 2336 1000 2414 suscepit,
1025 2343 1142 2397 ceteras

145 2416 368 2495 proconsulibus
390 2419 492 2477 sortito
515 2418 658 2495 permisit;
683 2424 712 2476 et
732 2425 826 2478 tamen
846 2419 999 2480 nonnullas
1014 2437 1139 2480 commu·
1151 2443 1181 2484 as

145 2500 215 2560 tavit
236 2499 376 2558 interdum
396 2509 482 2578 atque
503 2519 540 2560 ex
562 2509 685 2579 utroque
706 2519 815 2578 genere
843 2503 999 2581 plerasque
1022 2505 1141 2582 saepius

144 2582 223 2644 adiit.
262 2582 381 2642 Urbium
406 2582 558 2663 quasdam,
579 2584 746 2644 foederatas
768 2584 820 2645 sed
840 2586 876 2646 ad
892 2588 1007 2647 exitium
1024 2588 1141 2648 licentia

144 2665 331 2746 praecipites,
347 2666 480 2727 libertate
495 2668 635 2746 privavit,
651 2667 722 2729 alias
733 2678 780 2729 aut
792 2687 860 2729 acre
873 2671 969 2730 alieno
982 2671 1141 2732 laborantis

143 2750 268 2827 levavit,
290 2759 337 2811 aut
357 2759 453 2811 terrae
473 2760 551 2811 motu
575 2752 731 2812 subversas
748 2753 841 2813 denuo
857 2754 997 2831 condidit,
1019 2764 1067 2816 aut
1080 2774 1139 2815 me-

143 2835 196 2895 rita
218 2853 287 2912 erga
309 2835 446 2914 populum
465 2837 501 2897 ll.
523 2835 693 2914 adlegantes
711 2835 860 2898 latinitate
882 2838 930 2898 vel
950 2839 1065 2899 civitate
1087 2839 1181 2903 dosa

142 2919 230 2979 navit.
267 2917 331 2980 Nec
352 2928 409 2996 est,
435 2928 463 2979 ut
484 2920 603 2999 opinor,
628 2921 794 3000 provincia,
818 2931 943 3001 excepta
970 2923 1035 2983 dum
1060 2932 1141 2983 taxat

142 3002 243 3063 Africa
264 3012 293 3063 et
315 3003 461 3080 Sardinia,
487 3022 570 3082 quam
591 3021 649 3065 non
667 3004 778 3065 adierit.
816 3003 850 3072 ln¹
873 3004 925 3066 bas
945 3006 1047 3084 fugato
1068 3008 1140 3067 Sex.

144 3086 282 3164 Pompeio
300 3088 424 3149 traicere
439 3106 477 3148 ex
495 3087 592 3148 Sicilia
614 3097 800 3167 apparantem
822 3089 973 3151 continuae
997 3100 1025 3151 et
1041 3093 1140 3152 immo·

144 3168 225 3228 dicae
246 3179 433 3249 tempestates
453 3171 647 3248 inhibuerunt,
670 3190 725 3231 nec
750 3189 818 3232 mox
839 3175 957 3234 occasio
976 3184 1023 3234 aut
1051 3194 1140 3236 causa

144 3251 290 3312 traiciendi
303 3255 366 3316 fuit.
1150 3278 1182 3322 as

99 3347 136 3401 48
204 3334 370 3409 Regnorum
399 3338 502 3416 quibus
517 3338 586 3398 belli
601 3339 663 3398 iure
686 3339 793 3416 potitus
818 3350 879 3418 est,
901 3350 1018 3420 practer
1035 3361 1141 3423 pauca,

144 3424 192 3476 aut
213 3415 303 3475 isdem
326 3419 428 3496 quibus
448 3421 594 3482 ademerat
616 3420 753 3499 reddidit,
773 3433 821 3484 aut
842 3425 1011 3502 alienigenis
1035 3429 1141 3487 contri·

143 3497 214 3557 buit.
247 3497 347 3574 Reges
361 3504 458 3562 socios
480 3505 564 3563 etiam
581 3504 656 3564 inter
671 3515 763 3565 semet
776 3505 858 3586 ipsos
879 3509 1143 3572 necessitudinibus
