2466 3896
454 209 558 258 cruos
572 210 753 260 onnunrus.
781 204 785 210 “
1040 205 1099 268 159

102 362 200 445 ditque
226 363 386 443 paludatus.
421 365 495 440 Quin
518 375 548 426 et
574 368 730 444 emissurus
751 368 888 430 Fucinum
916 371 1010 432 lacum
1030 392 1098 434 nan·

3 451 4 506 i
101 449 241 511 machiam
258 456 324 509 ante
340 451 489 510 commisit.
511 450 569 510 Sed
584 469 647 510 cum
660 453 902 531 proclamantibus
918 457 1098 519 naumachia·

101 537 167 595 riis:
196 532 287 594 Hune
298 534 483 612 imperator,
500 535 644 596 morituri
658 542 687 596 tc
700 537 855 598 salutent!
875 540 1098 620 respondisset:
1199 578 1205 592 ι

3 629 24 708 ,³
101 616 164 680 Aut
177 619 256 679 non!
270 636 364 697 neque
380 618 535 698 posthanc
550 637 655 680 vocem
671 622 753 700 quasi
770 623 852 684 venia
866 623 930 685 data
946 626 1099 705 quisquam

79 704 237 765 ndimicare
253 702 359 779 vellet,
385 702 431 762 diu
454 713 602 765 cunctatus
620 723 655 764 an
671 709 762 766 omnis
780 707 840 783 igni
854 707 992 788 ferroque
1013 711 1097 770 absu-

27 815 38 870 j
101 797 210 864 meret,
227 787 340 848 tandem
354 806 371 846 e
386 787 456 848 sede
471 806 523 849 sua
538 789 673 869 prosiluit
687 809 722 850 ac
735 808 788 869 per
798 791 930 851 ambitum
942 794 1023 854 lacus
1039 812 1098 855 non

102 875 165 934 sine
184 872 272 933 foeda
296 871 483 933 vacillatione
506 873 686 950 discurrens,
717 876 819 954 partim
840 877 971 937 minando
994 881 1096 957 partim

102 956 280 1019 adhortando
297 955 333 1016 ad
348 975 474 1037 pugnam
490 958 638 1038 compulit.
666 959 730 1019 Hoc
747 960 916 1040 spectaculo
935 961 1037 1022 elassis
1052 963 1095 1024 si-

2 1057 7 1074 ·
103 1042 166 1103 cula
178 1050 207 1101 et
217 1040 331 1102 Rhodia
345 1051 568 1121 concurrerunt,
580 1042 774 1103 duodenarum
786 1045 940 1104 triremium
952 1047 1094 1123 singulae,

67 1146 91 1188 ro
103 1128 237 1187 exciente
263 1126 367 1186 bucina
389 1125 507 1188 Tritone
534 1136 691 1206 argenteo,
718 1130 806 1207 quie
831 1128 925 1189 medio
952 1130 1017 1190 lacu
1042 1150 1095 1210 per

100 1210 257 1272 machinam
274 1220 441 1270 emerserat.

163 1294 308 1371 Quaedam
326 1296 404 1355 circa
421 1295 609 1356 caerimonias
627 1295 798 1375 civilemque
820 1305 849 1355 et
868 1297 1018 1359 militarem
1033 1316 1092 1359 mo·
1103 1310 1138 1363 bb

100 1399 177 1457 rem,
204 1381 271 1439 item
294 1380 372 1439 circa
397 1381 519 1439 omnium
540 1380 669 1439 ordinum
688 1389 789 1440 statum
805 1380 882 1441 domi
901 1381 1030 1460 forisque
1046 1392 1093 1443 aut

101 1464 243 1540 correxit,
265 1472 312 1524 aut
332 1462 448 1524 exoleta
469 1466 636 1540 revocavit,
658 1474 706 1525 aut
722 1467 805 1525 etiam
821 1483 898 1527 nora
913 1468 1040 1526 instituit.
1062 1467 1095 1526 ln
1111 1471 1148 1488 ‘

2 1542 8 1555 ’
65 1567 91 1608 re
102 1547 273 1627 cooptandis
296 1565 350 1627 pcr
377 1547 503 1625 collegia
527 1549 727 1609 sacerdotibus
752 1552 893 1610 neminem
912 1550 966 1609 nisi
989 1551 1094 1612 iuratus

100 1633 270 1702 nominauit3
287 1630 511 1712 observavitque
528 1633 646 1710 scdulo,
673 1642 703 1692 ut
723 1636 857 1714 quotiens
879 1643 956 1695 terra
978 1635 1007 1696 in
1022 1636 1094 1696 urbe

3 1748 25 1789 q,
35 1719 253 1800 ,q,2,m0visset,
277 1717 366 1796 ferias
382 1716 524 1778 advocata
540 1719 676 1778 contione
691 1728 810 1798 praetor
825 1718 983 1796 indiceret,
1006 1729 1093 1799 utque

3 1835 7 1858 t
99 1802 161 1862 dira
175 1819 229 1862 are
244 1803 272 1859 in
288 1799 433 1880 Capitolio
448 1804 510 1862 visa
526 1802 692 1863 obsecratio
708 1802 877 1881 haberetur,
894 1821 1014 1882 eamque
1029 1806 1093 1884 ipse

99 1887 161 1945 iure
174 1886 287 1945 maximi
299 1887 444 1964 pontilicis
456 1904 510 1965 pro
522 1888 623 1946 rostris
636 1887 745 1966 populo
758 1889 884 1966 praeiret
896 1897 1092 1967 summotaque

63 1989 89 2029 ro
103 1969 301 2049 operariorum
323 1987 529 2048 servorumque
545 1971 637 2030 turba.

4 2117 6 2136 ‚
162 2054 268 2114 Rerum
280 2062 388 2130 actum,
401 2053 520 2113 divisum
533 2064 616 2114 antea
631 2056 659 2113 in
673 2053 810 2114 hibernos
821 2055 1007 2133 aestiuosque
1018 2067 1135 2123 men-23

4 2137 6 2190 !
100 2157 166 2215 ses,
181 2139 336 2198 coniunxit.
363 2137 436 2198 luris
459 2137 613 2198 dictionem
628 2138 663 2196 de
682 2137 938 2216 fideicommissis,
961 2148 1031 2219 quot
1046 2158 1091 2200 an-

98 2224 143 2282 nis
160 2231 189 2282 et
204 2231 310 2282 tantum
325 2224 353 2282 in
368 2222 440 2282 urbe
457 2222 587 2301 delegari
603 2222 817 2299 magistratibus
833 2221 962 2300 solitam,
985 2224 1012 2283 in
1029 2242 1092 2303 per·

23 2331 29 2382 ς
100 2316 215 2386 petuum
228 2315 315 2386 atque
336 2308 420 2368 etiam
441 2325 496 2386 per
512 2308 678 2386 provincias
695 2306 886 2386 potestatibus
904 2307 1092 2369 demandavit.
1107 2327 1168 2371 uec

19 2396 27 2448 ἰ
63 2405 89 2444 2⁵
100 2389 195 2469 Gapiti
209 2391 315 2470 Papiae
331 2391 487 2471 Poppaeae
503 2391 579 2468 legis
596 2391 739 2452 aTiberio
753 2389 895 2469 Caesare,
914 2394 994 2470 quasi
1010 2409 1092 2452 sexa·

98 2476 210 2553 genarii
231 2493 376 2553 generare
396 2494 454 2535 non
469 2485 603 2555 possent,
633 2475 729 2535 addito
748 2475 912 2553 obrogavit.
948 2476 1049 2536 Sanxit
1063 2486 1093 2536 ut

98 2559 215 2639 pupillis
232 2569 313 2620 extra
330 2560 460 2620 ordinem
474 2569 584 2620 tutores
602 2579 618 2620 a
643 2560 808 2620 consulibus
834 2560 984 2638 darentur,
1005 2570 1092 2640 utque

4 2651 11 2662 “
99 2646 134 2719 ii,
161 2643 262 2722 quibus
285 2644 531 2722 amagistratibus
548 2645 716 2723 provinciae
735 2644 992 2723 interdicerentur,
1019 2645 1091 2704 urbe

99 2744 214 2807 quoque
224 2737 253 2788 et
268 2727 350 2790 ltalia
364 2738 618 2789 summoverentur.
633 2728 702 2808 lpse
715 2728 852 2808 quosdam
865 2746 941 2789 noro
955 2729 1091 2808 exemplo

62 2827 87 2867 no
99 2811 255 2890 relegarit,
271 2822 302 2872 ut
315 2812 388 2874 ultra
406 2813 531 2892 lapidem
546 2815 659 2873 tertium
675 2822 788 2874 vetaret
802 2814 903 2892 egredi
916 2814 951 2874 ab
966 2812 1048 2874 urbe.

159 2894 203 2956 De
217 2898 325 2957 maiore
340 2900 460 2976 negotio
480 2908 594 2958 acturus
608 2899 637 2958 in
654 2899 748 2974 curia,
769 2898 879 2958 medius
894 2900 969 2958 inter
990 2915 1091 2958 consu·

95 2979 153 3040 lum
170 2979 258 3041 sellas
272 2981 584 3071 tribunicioqsubsellio
604 2981 734 3042 sedebat.
764 2976 945 3044 Gommeatns
960 3001 976 3043 a
992 2992 1092 3042 senatu

96 3067 155 3144 peti
175 3065 278 3125 solitos
300 3065 424 3127 benefici
445 3067 489 3126 sui
510 3067 590 3127 iecit.
625 3059 807 3127 Ornamenta'
820 3066 986 3149 'consularia
1008 3068 1134 3134 etiamn}

95 3149 334 3228 procuratoribus
349 3150 510 3212 ducenariis
526 3150 650 3210 indulsit.
672 3139 1032 3229 Senatortamdtignuatem
1047 3169 1090 3209 re·

61 3232 261 3294 recusantibus
278 3244 442 3314 equestrem
457 3253 573 3316 quoque
589 3235 703 3296 ademit.
732 3234 830 3296 batum
846 3234 973 3314 olavum,
996 3252 1091 3314 quam·

95 3319 148 3377 vis·
159 3319 238 3379 initio
254 3318 426 3380 affirmasset
437 3337 495 3380 non
511 3320 651 3380 lecturum
662 3339 695 3379 se
711 3330 874 3381 senatorem
895 3320 949 3380 nisi
971 3320 1041 3381 ciuis
1054 3318 1090 3379 it.

4 3421 22 3477 2,
95 3400 286 3483 abnepotem,
303 3407 387 3464 etiam
404 3403 530 3464 libertini
545 3405 605 3464 lilio
623 3405 734 3485 tribuit,
751 3406 802 3466 sed
818 3405 870 3466 sub
888 3404 1051 3466 conditione
1067 3402 1092 3462 si

4 3518 7 3527 ·
25 3481 34 3492 '
95 3486 174 3566 prius
192 3487 227 3548 ab
244 3490 340 3568 equite
355 3489 390 3550 R.
408 3487 559 3567 adoptatus
575 3499 668 3561 esset;
692 3509 726 3552 ac
743 3492 786 3552 sic
801 3508 916 3571 quoque
932 3486 1090 3569 repreben·
