2468 3912
159 201 199 264 64
237 213 268 262 c.
283 211 436 262 sunnonr
454 210 581 270 nanno.
597 211 645 257 nn
661 210 743 257 vrrs
758 210 942 258 cassanum
957 211 1027 259 nin.
1043 211 1082 259 11.

158 375 244 430 retur
250 392 266 440 ,·
289 376 318 427 et
340 365 585 427 eonsentienthus
608 367 750 426 universis
778 365 852 425 sedit
876 367 905 424 in
929 365 1076 426 subselliis
1102 384 1157 445 per

159 455 268 531 aliquot
283 450 382 528 boras,
397 467 497 510 verum
511 453 613 510 tacitus
629 459 659 510 et
673 469 709 510 ne
726 450 889 510 laudatione
903 450 1017 529 quidem
1031 450 1156 511 iudiciali

159 537 233 598 data.
274 534 365 594 affuit
386 543 415 593 et
439 534 608 611 clientibus,
631 536 705 594 sicut
727 535 857 594 Scutario
880 534 1005 612 cuidam,
1029 543 1155 595 evocato

159 618 302 700 quondam
323 636 391 695 suo,
420 621 466 698 qui
487 619 685 697 postulabatur
708 619 879 678 iniuriarum.
924 619 1017 680 Unum
1040 619 1155 678 omnino

159 724 175 764 e
196 721 310 764 reorum
331 720 467 780 numero,
489 721 524 763 ao
544 721 581 762 ne
602 721 666 763 eum
684 703 800 784 quidem
820 703 873 761 nisi
888 702 1025 782 precibus
1040 703 1178 782 eripuit,s

159 796 281 848 exorato
303 804 399 848 coram
420 786 561 847 indicibus
580 795 770 866 accusatore,
794 785 979 864 Castricium,
1002 806 1156 867 perquem

160 873 196 932 de
213 873 408 932 coniuratione
422 872 559 932 llurenae
578 881 768 948 cognoverat.

116 974 149 1030 57
223 956 279 1016 Pro
304 955 405 1035 quibus
427 957 535 1016 meritis
563 965 742 1034 quantopere
768 955 890 1015 dilectus
919 957 969 1034 sit,
996 954 1083 1016 laoile
1110 964 1156 1014 est

160 1043 320 1103 aestimare.
353 1039 460 1101 Omitto
475 1048 592 1100 senatus
609 1039 755 1118 consulta,
774 1040 840 1118 quia
859 1049 980 1118 possunt
999 1039 1091 1099 videri
1106 1038 1155 1099 vel
1221 1083 1222 1086 η

158 1126 334 1187 necessitate
357 1142 499 1204 expressa
519 1123 567 1184 vel
593 1124 779 1184 verecundia.
823 1123 944 1202 Equites
971 1125 1006 1185 R.
1031 1123 1155 1184 natalem
1165 1145 1189 1187 m

158 1211 219 1272 eius
236 1219 340 1289 sponte
357 1218 443 1288 atque
456 1225 599 1268 consensu
612 1207 698 1268 biduo
712 1227 828 1288 semper
840 1208 1039 1268 celebrarunt·
1049 1207 1155 1268 Omnes

158 1295 273 1357 ordines
299 1293 442 1353 inlocum
465 1290 544 1352 Curti
566 1301 636 1372 quot
658 1293 740 1352 annis
760 1311 799 1352 ex
819 1301 891 1353 voto
907 1310 961 1372 pro
985 1292 1078 1353 salute
1093 1293 1155 1351 eins

158 1382 262 1458 stipem
282 1377 440 1454 iaciebant,
462 1377 529 1436 item
542 1376 607 1438 Kal.
623 1376 683 1437 lan.
701 1386 827 1438 strenam
842 1379 869 1437 in
887 1375 1047 1454 Capitolio,
1070 1377 1155 1436 etiarn
1212 1429 1222 1448 ,

157 1465 283 1539 absenti,
301 1481 338 1520 ex
354 1479 409 1539 qua
424 1479 530 1520 summa
547 1463 755 1540 pretiosissima
775 1462 894 1522 deorum
909 1461 1060 1521 simulacra
1081 1478 1156 1519 mer·
1220 1455 1222 1524 l

158 1556 253 1622 catus,
276 1546 390 1604 vicatim
409 1544 576 1623 dedicabat,
600 1555 630 1605 ut
644 1546 810 1625 Apollinem
831 1545 1038 1607 Sandaliarium
1059 1553 1089 1604 et
1108 1543 1191 1611 lo-1s

158 1648 223 1689 vem
246 1628 429 1706 Tragoedum
450 1629 573 1708 aliaque.
606 1630 638 1690 ln
658 1631 871 1691 restitutionem
887 1630 1032 1690 Palatinae
1055 1628 1157 1689 domus

159 1713 291 1773 incendio
305 1712 473 1792 absumptae
489 1716 637 1791 veterani,
660 1714 812 1791 decuriae,
832 1715 939 1792 tribus,
963 1723 1051 1792 atque
1071 1713 1157 1773 etiam
1221 1703 1222 1772 l

159 1797 323 1874 singillatim
339 1816 355 1856 e
372 1807 471 1858 cetero
487 1815 598 1875 genere
609 1798 752 1858 hominum
763 1799 887 1859 libentes
903 1817 937 1858 ao
950 1814 1004 1877 pro
1018 1796 1158 1859 facultate

159 1883 280 1961 quisque
307 1883 443 1960 pecunias
471 1880 664 1960 contulerunt,
699 1883 843 1943 delibante
868 1891 974 1943 tantum
1001 1881 1089 1942 modo
1120 1898 1157 1940 eo

158 1985 326 2027 summarum
350 1985 472 2027 acervos
497 1984 592 2045 neque
619 1986 656 2026 ex
682 1985 824 2048 quoquam
850 1966 914 2048 plus
936 1966 1053 2027 denario
1077 1965 1192 2030 aule-ao

157 2060 247 2112 rente.
281 2053 489 2113 Revertentem
509 2069 547 2111 ex
571 2053 721 2131 provincia
736 2070 795 2112 uon
820 2051 913 2114 solum
934 2051 1036 2111 faustis
1057 2051 1159 2110 omini·
1220 2047 1221 2080 l

157 2137 225 2215 bus,
244 2135 296 2196 sed
314 2145 342 2196 et
357 2134 510 2196 modulatis
527 2135 698 2196 carminibus
715 2134 976 2216 prosequebantur.
1012 2133 1160 2195 Observa·

158 2221 320 2282 tumetium
343 2229 401 2298 est,
426 2239 463 2279 ne
488 2223 620 2298 quotiens
641 2222 773 2280 introiret
792 2221 906 2298 urbem,
930 2219 1105 2299 supplicium
1122 2217 1160 2278 de

115 2314 301 2383 taquoquam
324 2313 493 2364 sumeretur.
531 2303 653 2364 Patris
674 2305 817 2382 patriae
844 2321 1008 2381 cognomen
1029 2303 1161 2363 universi

158 2388 310 2464 repentino
331 2388 513 2466 maximoque
534 2406 677 2448 consensu
700 2388 863 2449 detulerunt
881 2390 924 2450 ei:
945 2389 1036 2468 prima
1057 2384 1160 2466 plebs,
1169 2407 1194 2446 as

158 2469 306 2546 legatione
327 2470 442 2531 Antium
463 2473 564 2541 missa;
587 2473 666 2550 dein,
691 2473 828 2552 quianon
849 2472 1027 2553 recipiebat,
1048 2472 1161 2532 ineunti

158 2555 267 2614 Romae
288 2554 457 2632 spectacula
476 2556 615 2634 frequens
635 2566 665 2616 et
683 2557 826 2628 laureata;
850 2574 918 2618 mox
932 2560 960 2616 in
977 2557 1056 2617 curia
1073 2573 1160 2616 sena·
1218 2603 1219 2616 .

159 2647 219 2714 tus,
240 2655 336 2716 neque
357 2638 476 2699 decreto
497 2658 591 2719 neque
614 2641 840 2717 adclamatione,
861 2641 912 2702 sed
934 2660 988 2720 per
1008 2639 1163 2702 Valerium

156 2720 319 2785 Messalam.
363 2722 392 2783 ls
412 2722 608 2785 mandantibus
631 2729 758 2805 cunctis,
789 2725 880 2800 Quod
899 2725 1026 2802 bonum,
1053 2724 1161 2804 inquit,

154 2807 353 2887 [costumque
372 2809 413 2869 sit
427 2807 484 2870 tttt
496 2807 658 2890 domuique
682 2817 768 2887 tuoe,
791 2809 913 2872 Caesar
933 2808 1091 2890 Auguste!
1112 2808 1195 2870 sicco

157 2892 235 2953 enim
255 2909 313 2954 nos
338 2898 520 2971 perpetuam
539 2893 717 2973 felicitatem
734 2896 783 2956 rei
797 2914 831 2974 p.
853 2903 883 2956 et
896 2895 981 2956 loeta
1002 2894 1074 2955 buic
1087 2891 1167 2953 urbi

154 2977 284 3054 precari
294 2977 521 3039 existimemus:
536 2985 662 3040 senatus
678 2986 707 3040 te
714 2979 905 3041 consentiens
918 2997 986 3041 eum
993 2977 1113 3058 populo
1120 2977 1162 3037 R.

158 3062 335 3124 consalutat
345 3062 473 3141 patriae
487 3070 618 3142 petrem.
654 3062 705 3124 Cui
721 3063 872 3125 lacrimans
893 3063 1044 3143 respondit
1058 3061 1163 3139 Augu·

158 3153 219 3204 stus
233 3144 277 3205 his
292 3148 389 3207 verbis
406 3149 486 3227 (ipsa
501 3150 592 3224 enim,
609 3150 683 3208 sieut
699 3147 858 3224 Messalae,
881 3149 998 3229 posui):
1022 3145 1164 3224 Compos

155 3226 261 3305 sactus
279 3239 419 3293 votorum
443 3251 593 3310 meorum,
625 3231 660 3293 P.
688 3230 722 3292 0.
746 3232 820 3312 quid
841 3233 941 3295 babeo
970 3231 1059 3294 uliud
1081 3229 1196 3293 deosas

157 3311 346 3375 immortales
358 3317 501 3395 precari,
523 3335 614 3396 quam
628 3323 662 3376 ut
674 3316 755 3377 bane
769 3335 949 3380 comensem
962 3322 1099 3378 oestmm
1115 3315 1165 3375 ad

158 3393 293 3454 atltimum
303 3398 392 3472 finem
406 3401 490 3462 citae
502 3401 576 3461 mttt
586 3397 730 3478 perferre
744 3399 858 3462 liceat?

116 3485 150 3539 59
220 3475 333 3537 biedico
354 3481 479 3544 Antonio
500 3485 599 3546 llusac
642 3482 722 3544 cuius
742 3503 833 3565 opera
855 3505 892 3546 ex
912 3485 1029 3565 ancipiti
1053 3482 1162 3544 morbo
