2466 3896
117 177 179 242 108
200 191 230 241 c.
247 171 399 242 sunuoru'
413 192 540 252 ranno.
557 192 605 239 un
619 191 700 239 mun
716 189 901 238 consanum
915 190 984 237 mn.
1001 190 1054 241 111.

114 349 279 412 inconsulto
308 367 342 409 se
361 348 483 424 adisset,
512 355 631 425 questus
651 355 696 405 est
718 347 877 414 insonatu.
912 344 1006 406 Etiam
1028 363 1115 408 causa

114 435 215 496 mortis
235 433 325 494 luisse
350 435 379 493 ei
402 450 457 511 per
469 428 529 490 GN.
551 431 685 491 Pisonem
706 429 833 507 legatum
855 429 957 504 Syriae
978 429 1115 510 creditur,

116 537 201 600 quem
220 535 289 578 mox
307 517 391 577 buius
414 515 539 576 criminis
557 532 638 574 reum
660 523 757 593 putant
774 513 887 593 quidam
901 511 1033 574 mandata
1046 532 1114 594 pro·

114 604 254 680 laturum,
273 602 328 661 nisi
351 620 387 662 ea
409 608 526 660 secreto
543 606 689 659 ostentant
702 597 767 635 ***
785 615 858 677 qnae
875 597 1058 660 multifariam
1073 601 1114 658 in-

115 689 254 766 scriptum
275 695 304 746 et
327 703 382 764 per
403 693 506 745 noctes
527 683 703 743 creberrime
718 681 908 743 adclamatum
923 690 983 742 est:
1006 682 1144 746 Reddet

115 770 346 832 Germanicum!
373 769 464 846 Quam
488 769 684 846 suspicionem
707 767 887 828 confirmavit
909 768 975 846 ipse
1000 777 1115 846 postea,

115 855 242 932 coniuge
263 855 349 916 etiam
369 872 405 914 ac
425 852 526 912 liberis
542 851 704 913 Germanici
725 835 872 920 crudelem
892 850 1053 910 immodum
1072 851 1114 912 ai·

116 939 212 1001 dictis.

73 1037 109 1090 53
177 1021 286 1085 Nurum
299 1021 508 1102 Agrippinam,
524 1028 592 1100 post
605 1019 696 1080 mariti
711 1028 832 1080 mortem
847 1018 967 1079 liberius
982 1019 1114 1098 quiddam
1216 1013 1222 1034 ¹

115 1118 259 1188 questam,
280 1124 364 1167 manu
384 1104 575 1186 apprehendit
590 1103 763 1182 Graecoque
779 1121 867 1163 versu
883 1101 920 1162 Sa'
934 1121 997 1164 noa
1013 1103 1109 1166 amnt-
1124 1123 1151 1167 ιι

113 1192 219 1266 ocris,
238 1192 345 1269 inquit,
360 1189 476 1268 filiolo,
492 1189 640 1250 iniuriam
656 1194 685 1248 tc
700 1188 843 1266 occipere
858 1187 1043 1249 anamma
1058 1206 1115 1248 nec

113 1277 174 1337 ullo
189 1292 257 1336 mox
272 1291 407 1334 sermone
422 1273 625 1351 dignatusest.
656 1271 806 1348 Quondam
820 1289 892 1331 vero
906 1272 981 1331 inter
995 1289 1113 1333 caenam

114 1368 252 1439 porrecta
274 1377 291 1418 a
314 1376 348 1419 se
368 1375 454 1437 poma
469 1366 588 1435 gustare
603 1374 662 1417 non
678 1375 776 1418 ausam
793 1358 878 1416 etiam
892 1372 1002 1416 vocare
1017 1355 1112 1433 desiit,

115 1444 250 1504 simulans
262 1443 367 1501 veneni
380 1461 413 1501 se
429 1442 547 1502 crimine
561 1441 687 1510 accersi;
704 1459 767 1500 cum
784 1448 994 1518 praestructum
1009 1449 1113 1500 utrum·

115 1546 171 1606 que
187 1526 320 1586 consulto
335 1534 425 1602 esset,
441 1533 472 1584 ut
485 1533 516 1584 et
528 1526 594 1603 ipse
607 1524 763 1603 temptandi
775 1525 868 1600 gratia
884 1524 1004 1584 offerret
1019 1533 1050 1584 et
1064 1525 1113 1584 illa
1123 1546 1150 1589 is

115 1611 198 1691 quasi
219 1609 408 1669 certissimum
437 1609 553 1668 exitium
574 1617 702 1668 caveret.
737 1607 902 1668 Novissime
926 1608 1113 1670 calumniatus

113 1692 200 1754 modo
218 1691 254 1752 ad
269 1701 391 1752 statuam
401 1691 525 1770 Augusti
539 1692 626 1752 modo
640 1692 678 1751 ad
688 1693 835 1752 exercitus
851 1692 1011 1770 confugere
1023 1693 1113 1770 velle,

114 1777 311 1838 Pandatariam
332 1776 491 1854 relegavit,
514 1776 739 1854 convitiantique
760 1775 874 1836 oculum
898 1794 953 1854 per
970 1778 1112 1837 centurio

114 1880 179 1921 nem
194 1859 365 1920 verberibus
381 1861 518 1920 excussit.
547 1862 658 1922 Rursus
672 1861 745 1920 mori
760 1860 854 1921 inedia
869 1860 1038 1938 destinanti,
1059 1879 1113 1940 per
1221 1887 1222 1894 ι

113 1947 171 2005 vim
190 1962 242 2004 ore
263 1944 395 2022 diducto,
416 1944 541 2005 infulciri
565 1944 660 2004 cibum
677 1944 767 2005 iussit.
799 1944 859 2004 Sed
875 1953 904 2004 et
920 1962 1148 2024 perseverane·

112 2040 170 2090 tem
192 2037 278 2108 etque
297 2031 337 2090 ita
351 2029 529 2109 absumptam
545 2029 780 2089 criminosissime
794 2029 953 2089 insectatus
967 2037 1025 2106 est,
1049 2045 1114 2088 cnm

113 2114 188 2174 diom
200 2121 316 2193 q'uoque
326 2113 450 2174 natalem
465 2115 528 2174 eius
537 2115 612 2174 inter
627 2114 757 2174 neiamos
768 2111 952 2173 referendo·
964 2114 1112 2174 suasisset.

112 2197 265 2276 Imputavit
280 2199 381 2274 etiam,
405 2197 484 2276 quod
496 2215 553 2257 non
570 2197 676 2276 laqueo
693 2197 900 2275 strangulatam
914 2199 942 2256 in
959 2195 1114 2258 Gemonias
1210 2265 1215 2274 ¹

113 2281 267 2342 abiecerit}
291 2299 402 2359 proque
430 2281 480 2342 tali
502 2280 654 2341 clementia
674 2282 820 2359 interponi
840 2281 987 2341 decretum
1008 2299 1113 2361 passus

114 2373 176 2438 est,
198 2380 255 2442 qno
278 2364 332 2424 sibi
351 2365 630 2442 gratiaeagerentor
651 2374 680 2424 ct
695 2363 859 2444 Capitolino
874 2364 939 2426 lovi
955 2365 1062 2425 donum
1075 2383 1149 2426 exat

113 2464 184 2508 auro
200 2456 373 2507 sacraretur.

71 2538 106 2593 54
176 2529 246 2590 Cum
264 2549 303 2591 ex
316 2530 486 2592 Germanico
502 2542 562 2592 tres
578 2542 717 2611 nepotes,
738 2532 885 2593 Neronem
900 2541 930 2592 et
943 2531 1067 2592 Drusum
1083 2541 1115 2592 et

114 2614 228 2690 uatum,
252 2633 290 2676 ex
305 2614 401 2675 Druso
423 2634 507 2676 unum
524 2615 669 2677 Tiberium
689 2616 828 2689 liaberet,
850 2616 1002 2676 destitutus
1018 2625 1113 2676 morte

112 2700 269 2760 liberorum
294 2701 434 2760 maximos
463 2708 530 2760 natu
559 2700 595 2760 de
620 2700 782 2762 Germanici
803 2699 887 2776 tiliis,
911 2700 1057 2761 Neronem
1083 2709 1116 2760 et
1145 2725 1149 2731 ·

111 2783 243 2861 Drusum,
257 2783 387 2863 patribus
403 2785 577 2863 conscriptis
588 2785 798 2845 commendavit
813 2783 947 2864 diemque
962 2787 1113 2862 utriusque
1121 2803 1152 2846 ee

112 2869 236 2928 tirocinii
257 2868 406 2946 congiario
426 2867 525 2947 plebei
550 2869 617 2929 dato
638 2869 807 2930 celebravit.
839 2869 898 2929 Sed
913 2878 943 2928 nt
960 2870 1111 2948 comperit,

111 2952 226 3012 ineunte
241 2970 316 3013 auno
329 2970 383 3031 pro
398 2969 497 3012 eorum
513 2970 629 3031 qnoque
643 2953 736 3014 salute
753 2953 870 3032 publice
885 2963 952 3014 vota
965 2961 1114 3030 suscepta,

112 3038 172 3112 egit
194 3055 257 3096 cnm
272 3046 390 3112 senatu,
412 3055 474 3098 non
489 3035 602 3098 debere
618 3038 697 3098 totio
708 3037 854 3116 promia
869 3036 966 3097 tribui
977 3037 1041 3097 nisi
1055 3054 1110 3096 ea·

110 3119 208 3196 pertis
224 3126 253 3180 et
267 3127 370 3182 aetate
380 3121 553 3198 provectis.-
578 3131 665 3200 atque
681 3141 719 3182 ex
735 3140 788 3196 eo,
811 3121 957 3200 patefacta
971 3122 1112 3181 interiore

112 3203 195 3261 animi
220 3205 263 3262 sui
289 3213 374 3280 nota,
401 3207 524 3265 omnium
546 3207 788 3267 criminationibus
810 3205 955 3266 obnoxios
977 3203 1152 3281 reddidiqm

111 3285 248 3362 variaque
269 3287 369 3347 fraude
394 3289 543 3366 inductos,
563 3298 594 3348 ut
615 3299 645 3350 et
660 3291 875 3350 concitarentur
889 3289 926 3349 ad
942 3290 1067 3350 convitia
1082 3296 1113 3347 et

113 3370 249 3428 concitati
264 3371 472 3452 proderentur,
487 3375 636 3434 accusavit
651 3393 706 3453 per
722 3373 834 3433 litteras
850 3373 1027 3433 amarissime
1043 3389 1111 3432 con·

110 3452 204 3526 gestis
225 3453 309 3512 etiam
324 3453 457 3531 probris,
478 3465 507 3514 et
517 3455 658 3518 indicatos
673 3456 767 3518 hostia
780 3457 856 3516 lame
871 3457 1001 3517 necavit:
1018 3456 1113 3517 Nero·
1213 3507 1218 3524 .
