<?xml version="1.0" encoding="UTF-8"?>
<!DOCTYPE html PUBLIC "-//W3C//DTD XHTML 1.0 Transitional//EN"
    "http://www.w3.org/TR/xhtml1/DTD/xhtml1-transitional.dtd">
<html xmlns="http://www.w3.org/1999/xhtml" xml:lang="en" lang="en">
 <head>
  <title>
</title>
<meta http-equiv="Content-Type" content="text/html;charset=utf-8" />
  <meta name='ocr-system' content='tesseract 3.04.00' />
  <meta name='ocr-capabilities' content='ocr_page ocr_carea ocr_par ocr_line ocrx_word'/>
</head>
<body>
  <div class='ocr_page' id='page_1' title='image "./csuetonitranqui00suetgoog_0152.png"; bbox 0 0 2468 3912; ppageno 0'>
   <div class='ocr_carea' id='block_1_1' title="bbox 440 214 1092 274">
    <p class='ocr_par' dir='ltr' id='par_1_1' title="bbox 440 214 1092 274">
     <span class='ocr_line' id='line_1_1' title="bbox 440 214 1092 274; baseline 0.002 -3"><span class='ocrx_word' id='word_1_1' title='bbox 440 224 543 273; x_wconf 81' lang='lat' dir='ltr'>nrvue</span> <span class='ocrx_word' id='word_1_2' title='bbox 567 224 757 274; x_wconf 78' lang='lat' dir='ltr'>nuousuus.</span> <span class='ocrx_word' id='word_1_3' title='bbox 1056 214 1092 274; x_wconf 82' lang='lat'>41</span> 
     </span>
    </p>
   </div>
   <div class='ocr_carea' id='block_1_2' title="bbox 15 378 1143 3073">
    <p class='ocr_par' dir='ltr' id='par_1_2' title="bbox 97 378 1098 461">
     <span class='ocr_line' id='line_1_2' title="bbox 97 378 1098 461; baseline -0.005 -17"><span class='ocrx_word' id='word_1_4' title='bbox 97 393 169 444; x_wconf 88' lang='lat' dir='ltr'>tem.</span> <span class='ocrx_word' id='word_1_5' title='bbox 192 381 357 443; x_wconf 86' lang='lat' dir='ltr'>Pnolectum</span> <span class='ocrx_word' id='word_1_6' title='bbox 373 399 442 441; x_wconf 86' lang='lat' dir='ltr'>mox</span> <span class='ocrx_word' id='word_1_7' title='bbox 464 380 634 442; x_wconf 84' lang='lat' dir='ltr'>avunculum</span> <span class='ocrx_word' id='word_1_8' title='bbox 651 383 680 439; x_wconf 94' lang='lat' dir='ltr'>in</span> <span class='ocrx_word' id='word_1_9' title='bbox 695 381 849 461; x_wconf 83' lang='lat' dir='ltr'>Hispanias</span> <span class='ocrx_word' id='word_1_10' title='bbox 872 380 1011 443; x_wconf 81' lang='lat' dir='ltr'>adversus</span> <span class='ocrx_word' id='word_1_11' title='bbox 1038 378 1098 440; x_wconf 85' lang='lat' dir='ltr'>GN.</span> 
     </span>
    </p>

    <p class='ocr_par' dir='ltr' id='par_1_3' title="bbox 97 465 1097 546">
     <span class='ocr_line' id='line_1_3' title="bbox 97 465 1097 546; baseline -0.006 -16"><span class='ocrx_word' id='word_1_12' title='bbox 97 468 220 546; x_wconf 86' lang='lat' dir='ltr'><strong>Pompei</strong></span> <span class='ocrx_word' id='word_1_13' title='bbox 244 465 372 543; x_wconf 90' lang='lat' dir='ltr'>liberos,</span> <span class='ocrx_word' id='word_1_14' title='bbox 392 465 508 526; x_wconf 78' lang='lat' dir='ltr'>vixdum</span> <span class='ocrx_word' id='word_1_15' title='bbox 532 467 628 525; x_wconf 88' lang='lat' dir='ltr'>lirmus</span> <span class='ocrx_word' id='word_1_16' title='bbox 649 485 665 526; x_wconf 89' lang='lat' dir='ltr'>a</span> <span class='ocrx_word' id='word_1_17' title='bbox 686 469 769 543; x_wconf 89' lang='lat' dir='ltr'>gravi</span> <span class='ocrx_word' id='word_1_18' title='bbox 793 466 961 542; x_wconf 88' lang='lat' dir='ltr'>valitudine,</span> <span class='ocrx_word' id='word_1_19' title='bbox 989 483 1042 544; x_wconf 91' lang='lat' dir='ltr'>per</span> <span class='ocrx_word' id='word_1_20' title='bbox 1057 465 1097 524; x_wconf 92' lang='lat' dir='ltr'>in·</span> 
     </span>
    </p>

    <p class='ocr_par' dir='ltr' id='par_1_4' title="bbox 98 549 1099 629">
     <span class='ocr_line' id='line_1_4' title="bbox 98 549 1099 629; baseline -0.005 -16"><span class='ocrx_word' id='word_1_21' title='bbox 98 553 191 613; x_wconf 87' lang='lat' dir='ltr'>icstas</span> <span class='ocrx_word' id='word_1_22' title='bbox 213 549 345 610; x_wconf 84' lang='lat' dir='ltr'><strong>hostibus</strong></span> <span class='ocrx_word' id='word_1_23' title='bbox 369 552 430 610; x_wconf 82' lang='lat' dir='ltr'>vias</span> <span class='ocrx_word' id='word_1_24' title='bbox 453 551 634 629; x_wconf 80' lang='lat' dir='ltr'>paucissimis</span> <span class='ocrx_word' id='word_1_25' title='bbox 658 551 809 610; x_wconf 83' lang='lat' dir='ltr'>comitibus</span> <span class='ocrx_word' id='word_1_26' title='bbox 832 551 984 627; x_wconf 86' lang='lat' dir='ltr'>naufragio</span> <span class='ocrx_word' id='word_1_27' title='bbox 1014 549 1099 609; x_wconf 86' lang='lat' dir='ltr'>etiam</span> 
     </span>
    </p>

    <p class='ocr_par' dir='ltr' id='par_1_5' title="bbox 18 633 1098 798">
     <span class='ocr_line' id='line_1_5' title="bbox 18 633 1098 715; baseline -0.004 -18"><span class='ocrx_word' id='word_1_28' title='bbox 18 653 27 665; x_wconf 69' lang='lat'>¹·</span> <span class='ocrx_word' id='word_1_29' title='bbox 98 637 180 697; x_wconf 86' lang='lat' dir='ltr'>iacto</span> <span class='ocrx_word' id='word_1_30' title='bbox 213 634 402 711; x_wconf 89' lang='lat' dir='ltr'>subsecutus,</span> <span class='ocrx_word' id='word_1_31' title='bbox 441 652 620 713; x_wconf 82' lang='lat' dir='ltr'>magnopere</span> <span class='ocrx_word' id='word_1_32' title='bbox 654 633 808 712; x_wconf 87' lang='lat' dir='ltr'>demeruit,</span> <span class='ocrx_word' id='word_1_33' title='bbox 847 633 1008 715; x_wconf 86' lang='lat' dir='ltr'>approbata</span> <span class='ocrx_word' id='word_1_34' title='bbox 1041 635 1098 694; x_wconf 92' lang='lat' dir='ltr'>cito</span> 
     </span>
     <span class='ocr_line' id='line_1_6' title="bbox 75 718 853 798; baseline 0.004 -22"><span class='ocrx_word' id='word_1_35' title='bbox 75 723 187 782; x_wconf 87' lang='lat' dir='ltr'>setiam</span> <span class='ocrx_word' id='word_1_36' title='bbox 204 737 314 779; x_wconf 88' lang='lat' dir='ltr'>morum</span> <span class='ocrx_word' id='word_1_37' title='bbox 331 718 430 778; x_wconf 90' lang='lat' dir='ltr'>indole</span> <span class='ocrx_word' id='word_1_38' title='bbox 447 737 536 798; x_wconf 92' lang='lat' dir='ltr'>super</span> <span class='ocrx_word' id='word_1_39' title='bbox 551 719 662 778; x_wconf 90' lang='lat' dir='ltr'>itineris</span> <span class='ocrx_word' id='word_1_40' title='bbox 678 718 853 779; x_wconf 85' lang='lat' dir='ltr'>industriam.</span> 
     </span>
    </p>

    <p class='ocr_par' dir='ltr' id='par_1_6' title="bbox 97 802 1100 1138">
     <span class='ocr_line' id='line_1_7' title="bbox 166 802 1100 883; baseline -0.001 -19"><span class='ocrx_word' id='word_1_41' title='bbox 166 802 291 864; x_wconf 79' lang='lat' dir='ltr'>Caesare</span> <span class='ocrx_word' id='word_1_42' title='bbox 306 811 375 883; x_wconf 90' lang='lat' dir='ltr'>post</span> <span class='ocrx_word' id='word_1_43' title='bbox 397 812 533 883; x_wconf 90' lang='lat' dir='ltr'>receptas</span> <span class='ocrx_word' id='word_1_44' title='bbox 552 803 704 881; x_wconf 84' lang='lat' dir='ltr'>Hispanias</span> <span class='ocrx_word' id='word_1_45' title='bbox 719 803 934 882; x_wconf 85' lang='lat' dir='ltr'>expeditionem</span> <span class='ocrx_word' id='word_1_46' title='bbox 954 807 983 864; x_wconf 96' lang='lat' dir='ltr'>in</span> <span class='ocrx_word' id='word_1_47' title='bbox 1002 804 1100 866; x_wconf 84' lang='lat' dir='ltr'>Dacos</span> 
     </span>
     <span class='ocr_line' id='line_1_8' title="bbox 99 887 1100 969; baseline -0.003 -19"><span class='ocrx_word' id='word_1_48' title='bbox 99 897 130 950; x_wconf 89' lang='lat' dir='ltr'>et</span> <span class='ocrx_word' id='word_1_49' title='bbox 144 887 210 949; x_wconf 88' lang='lat' dir='ltr'>inde</span> <span class='ocrx_word' id='word_1_50' title='bbox 223 891 253 948; x_wconf 96' lang='lat' dir='ltr'>in</span> <span class='ocrx_word' id='word_1_51' title='bbox 261 887 383 948; x_wconf 91' lang='lat' dir='ltr'>Parthos</span> <span class='ocrx_word' id='word_1_52' title='bbox 396 887 573 965; x_wconf 85' lang='lat' dir='ltr'>destinante,</span> <span class='ocrx_word' id='word_1_53' title='bbox 594 888 769 967; x_wconf 89' lang='lat' dir='ltr'>praemissus</span> <span class='ocrx_word' id='word_1_54' title='bbox 786 888 973 969; x_wconf 82' lang='lat' dir='ltr'>Apolloniam</span> <span class='ocrx_word' id='word_1_55' title='bbox 1000 888 1100 950; x_wconf 91' lang='lat' dir='ltr'>studiis</span> 
     </span>
     <span class='ocr_line' id='line_1_9' title="bbox 97 971 1100 1053; baseline -0.001 -20"><span class='ocrx_word' id='word_1_56' title='bbox 97 974 225 1035; x_wconf 84' lang='lat' dir='ltr'>vacavit.</span> <span class='ocrx_word' id='word_1_57' title='bbox 247 973 344 1052; x_wconf 88' lang='lat' dir='ltr'>thue</span> <span class='ocrx_word' id='word_1_58' title='bbox 357 973 477 1051; x_wconf 88' lang='lat' dir='ltr'>primurn</span> <span class='ocrx_word' id='word_1_59' title='bbox 494 975 622 1034; x_wconf 90' lang='lat' dir='ltr'>occisum</span> <span class='ocrx_word' id='word_1_60' title='bbox 639 990 703 1032; x_wconf 91' lang='lat' dir='ltr'>eum</span> <span class='ocrx_word' id='word_1_61' title='bbox 720 971 915 1052; x_wconf 84' lang='lat' dir='ltr'>heredemque</span> <span class='ocrx_word' id='word_1_62' title='bbox 933 991 967 1032; x_wconf 90' lang='lat' dir='ltr'>se</span> <span class='ocrx_word' id='word_1_63' title='bbox 983 991 1100 1053; x_wconf 91' lang='lat' dir='ltr'>compe-</span> 
     </span>
     <span class='ocr_line' id='line_1_10' title="bbox 98 1056 1100 1138; baseline 0 -20"><span class='ocrx_word' id='word_1_64' title='bbox 98 1061 153 1134; x_wconf 82' lang='lat' dir='ltr'>rit,</span> <span class='ocrx_word' id='word_1_65' title='bbox 177 1057 225 1117; x_wconf 92' lang='lat' dir='ltr'>diu</span> <span class='ocrx_word' id='word_1_66' title='bbox 246 1065 395 1118; x_wconf 87' lang='lat' dir='ltr'>cunctatus</span> <span class='ocrx_word' id='word_1_67' title='bbox 414 1076 450 1118; x_wconf 86' lang='lat' dir='ltr'>an</span> <span class='ocrx_word' id='word_1_68' title='bbox 468 1058 615 1137; x_wconf 79' lang='lat' dir='ltr'>proximas</span> <span class='ocrx_word' id='word_1_69' title='bbox 634 1056 770 1134; x_wconf 82' lang='lat' dir='ltr'>legiones</span> <span class='ocrx_word' id='word_1_70' title='bbox 786 1057 973 1136; x_wconf 85' lang='lat' dir='ltr'>imploraret,</span> <span class='ocrx_word' id='word_1_71' title='bbox 992 1058 1021 1118; x_wconf 94' lang='lat' dir='ltr'>id</span> <span class='ocrx_word' id='word_1_72' title='bbox 1040 1059 1100 1138; x_wconf 92' lang='lat' dir='ltr'>qui·</span> 
     </span>
    </p>

    <p class='ocr_par' dir='ltr' id='par_1_7' title="bbox 64 1140 1100 1222">
     <span class='ocr_line' id='line_1_11' title="bbox 64 1140 1100 1222; baseline -0.002 -20"><span class='ocrx_word' id='word_1_73' title='bbox 64 1152 89 1194; x_wconf 88' lang='lat'>¹⁰</span> <span class='ocrx_word' id='word_1_74' title='bbox 98 1143 166 1202; x_wconf 92' lang='lat' dir='ltr'>dcm</span> <span class='ocrx_word' id='word_1_75' title='bbox 177 1142 328 1202; x_wconf 90' lang='lat' dir='ltr'>consilium</span> <span class='ocrx_word' id='word_1_76' title='bbox 339 1149 369 1201; x_wconf 89' lang='lat' dir='ltr'>ut</span> <span class='ocrx_word' id='word_1_77' title='bbox 380 1159 525 1222; x_wconf 89' lang='lat' dir='ltr'>praeceps</span> <span class='ocrx_word' id='word_1_78' title='bbox 532 1144 756 1220; x_wconf 89' lang='lat' dir='ltr'>inmaturumque</span> <span class='ocrx_word' id='word_1_79' title='bbox 766 1143 872 1217; x_wconf 88' lang='lat' dir='ltr'>omisit,</span> <span class='ocrx_word' id='word_1_80' title='bbox 888 1149 1017 1202; x_wconf 91' lang='lat' dir='ltr'>ceterum</span> <span class='ocrx_word' id='word_1_81' title='bbox 1028 1140 1100 1201; x_wconf 88' lang='lat' dir='ltr'>urbe</span> 
     </span>
    </p>

    <p class='ocr_par' dir='ltr' id='par_1_8' title="bbox 96 1224 1099 1306">
     <span class='ocr_line' id='line_1_12' title="bbox 96 1224 1099 1306; baseline -0.003 -19"><span class='ocrx_word' id='word_1_82' title='bbox 96 1228 225 1306; x_wconf 88' lang='lat' dir='ltr'>repetita</span> <span class='ocrx_word' id='word_1_83' title='bbox 252 1224 441 1286; x_wconf 87' lang='lat' dir='ltr'>hereditatem</span> <span class='ocrx_word' id='word_1_84' title='bbox 469 1227 550 1303; x_wconf 92' lang='lat' dir='ltr'>adiit,</span> <span class='ocrx_word' id='word_1_85' title='bbox 590 1225 737 1285; x_wconf 87' lang='lat' dir='ltr'>dubitante</span> <span class='ocrx_word' id='word_1_86' title='bbox 763 1234 871 1301; x_wconf 90' lang='lat' dir='ltr'>matre,</span> <span class='ocrx_word' id='word_1_87' title='bbox 901 1226 1005 1285; x_wconf 81' lang='lat' dir='ltr'>vitrico</span> <span class='ocrx_word' id='word_1_88' title='bbox 1028 1242 1099 1286; x_wconf 90' lang='lat' dir='ltr'>vero</span> 
     </span>
    </p>

    <p class='ocr_par' dir='ltr' id='par_1_9' title="bbox 96 1308 1100 1390">
     <span class='ocr_line' id='line_1_13' title="bbox 96 1308 1100 1390; baseline -0.005 -17"><span class='ocrx_word' id='word_1_89' title='bbox 96 1311 209 1373; x_wconf 80' lang='lat' dir='ltr'>Marcio</span> <span class='ocrx_word' id='word_1_90' title='bbox 222 1309 357 1390; x_wconf 88' lang='lat' dir='ltr'>Philippo</span> <span class='ocrx_word' id='word_1_91' title='bbox 371 1309 516 1370; x_wconf 88' lang='lat' dir='ltr'>consulari</span> <span class='ocrx_word' id='word_1_92' title='bbox 536 1310 654 1370; x_wconf 91' lang='lat' dir='ltr'>multum</span> <span class='ocrx_word' id='word_1_93' title='bbox 669 1308 864 1370; x_wconf 89' lang='lat' dir='ltr'>dissuadente.</span> <span class='ocrx_word' id='word_1_94' title='bbox 894 1308 991 1388; x_wconf 85' lang='lat' dir='ltr'>Atque</span> <span class='ocrx_word' id='word_1_95' title='bbox 1008 1309 1044 1370; x_wconf 88' lang='lat' dir='ltr'>ab</span> <span class='ocrx_word' id='word_1_96' title='bbox 1064 1325 1100 1368; x_wconf 92' lang='lat' dir='ltr'>eo</span> 
     </span>
    </p>

    <p class='ocr_par' dir='ltr' id='par_1_10' title="bbox 90 1392 1099 1474">
     <span class='ocr_line' id='line_1_14' title="bbox 90 1392 1099 1474; baseline -0.003 -20"><span class='ocrx_word' id='word_1_97' title='bbox 90 1405 233 1474; x_wconf 33' lang='lat' dir='ltr'>,tempore</span> <span class='ocrx_word' id='word_1_98' title='bbox 251 1393 430 1454; x_wconf 81' lang='lat' dir='ltr'>exercitibus</span> <span class='ocrx_word' id='word_1_99' title='bbox 448 1396 623 1473; x_wconf 89' lang='lat' dir='ltr'>comparatis</span> <span class='ocrx_word' id='word_1_100' title='bbox 638 1395 759 1473; x_wconf 90' lang='lat' dir='ltr'>primum</span> <span class='ocrx_word' id='word_1_101' title='bbox 782 1411 845 1454; x_wconf 89' lang='lat' dir='ltr'>curn</span> <span class='ocrx_word' id='word_1_102' title='bbox 860 1392 899 1453; x_wconf 88' lang='grc' dir='ltr'>Μ.</span> <span class='ocrx_word' id='word_1_103' title='bbox 915 1393 1042 1454; x_wconf 82' lang='lat' dir='ltr'>Antonio</span> <span class='ocrx_word' id='word_1_104' title='bbox 1061 1392 1099 1453; x_wconf 88' lang='grc' dir='ltr'>Μ.</span> 
     </span>
    </p>

    <p class='ocr_par' dir='ltr' id='par_1_11' title="bbox 17 1477 1101 1560">
     <span class='ocr_line' id='line_1_15' title="bbox 17 1477 1101 1560; baseline -0.004 -20"><span class='ocrx_word' id='word_1_105' title='bbox 17 1515 20 1522; x_wconf 91' lang='lat'>·</span> <span class='ocrx_word' id='word_1_106' title='bbox 98 1498 158 1560; x_wconf 93' lang='lat' dir='ltr'>que</span> <span class='ocrx_word' id='word_1_107' title='bbox 179 1478 288 1557; x_wconf 87' lang='lat' dir='ltr'>Lepido</span> <span class='ocrx_word' id='word_1_108' title='bbox 311 1477 414 1538; x_wconf 90' lang='lat' dir='ltr'>deinde</span> <span class='ocrx_word' id='word_1_109' title='bbox 432 1487 539 1540; x_wconf 89' lang='lat' dir='ltr'>tantum</span> <span class='ocrx_word' id='word_1_110' title='bbox 564 1496 628 1538; x_wconf 93' lang='lat' dir='ltr'>cum</span> <span class='ocrx_word' id='word_1_111' title='bbox 648 1477 775 1538; x_wconf 83' lang='lat' dir='ltr'>Antonio</span> <span class='ocrx_word' id='word_1_112' title='bbox 793 1497 848 1558; x_wconf 91' lang='lat' dir='ltr'>per</span> <span class='ocrx_word' id='word_1_113' title='bbox 869 1477 1020 1539; x_wconf 89' lang='lat' dir='ltr'>duodecim</span> <span class='ocrx_word' id='word_1_114' title='bbox 1037 1477 1101 1537; x_wconf 87' lang='lat' dir='ltr'>lere</span> 
     </span>
    </p>

    <p class='ocr_par' dir='ltr' id='par_1_12' title="bbox 63 1561 1100 1707">
     <span class='ocr_line' id='line_1_16' title="bbox 63 1561 1100 1643; baseline -0.004 -19"><span class='ocrx_word' id='word_1_115' title='bbox 63 1574 210 1638; x_wconf 72' lang='lat' dir='ltr'>ttannos,</span> <span class='ocrx_word' id='word_1_116' title='bbox 229 1563 388 1621; x_wconf 89' lang='lat' dir='ltr'>novissime</span> <span class='ocrx_word' id='word_1_117' title='bbox 407 1581 460 1642; x_wconf 91' lang='lat' dir='ltr'>per</span> <span class='ocrx_word' id='word_1_118' title='bbox 480 1571 614 1643; x_wconf 89' lang='lat' dir='ltr'>quattuor</span> <span class='ocrx_word' id='word_1_119' title='bbox 636 1571 665 1623; x_wconf 93' lang='lat' dir='ltr'>et</span> <span class='ocrx_word' id='word_1_120' title='bbox 682 1561 870 1642; x_wconf 88' lang='lat' dir='ltr'>quadraginta</span> <span class='ocrx_word' id='word_1_121' title='bbox 891 1562 972 1623; x_wconf 93' lang='lat' dir='ltr'>solus</span> <span class='ocrx_word' id='word_1_122' title='bbox 991 1579 1052 1622; x_wconf 89' lang='lat' dir='ltr'>rem</span> <span class='ocrx_word' id='word_1_123' title='bbox 1072 1581 1100 1641; x_wconf 91' lang='lat' dir='ltr'>p.</span> 
     </span>
     <span class='ocr_line' id='line_1_17' title="bbox 97 1649 200 1707; baseline -0.029 0"><span class='ocrx_word' id='word_1_124' title='bbox 97 1649 200 1707; x_wconf 85' lang='lat' dir='ltr'>tenuit.</span> 
     </span>
    </p>

    <p class='ocr_par' dir='ltr' id='par_1_13' title="bbox 98 1728 1126 1898">
     <span class='ocr_line' id='line_1_18' title="bbox 166 1728 1126 1812; baseline 0.007 -24"><span class='ocrx_word' id='word_1_125' title='bbox 166 1728 320 1808; x_wconf 89' lang='lat' dir='ltr'>Proposita</span> <span class='ocrx_word' id='word_1_126' title='bbox 340 1733 415 1792; x_wconf 85' lang='lat' dir='ltr'>vitae</span> <span class='ocrx_word' id='word_1_127' title='bbox 438 1732 500 1793; x_wconf 91' lang='lat' dir='ltr'>eius</span> <span class='ocrx_word' id='word_1_128' title='bbox 513 1733 593 1794; x_wconf 84' lang='lat' dir='ltr'>velut</span> <span class='ocrx_word' id='word_1_129' title='bbox 618 1751 738 1810; x_wconf 91' lang='lat' dir='ltr'>summa,</span> <span class='ocrx_word' id='word_1_130' title='bbox 759 1741 859 1812; x_wconf 88' lang='lat' dir='ltr'>partes</span> <span class='ocrx_word' id='word_1_131' title='bbox 871 1731 1038 1811; x_wconf 88' lang='lat' dir='ltr'>singillatim</span> <span class='ocrx_word' id='word_1_132' title='bbox 1049 1741 1126 1795; x_wconf 85' lang='lat' dir='ltr'>ne·9</span> 
     </span>
     <span class='ocr_line' id='line_1_19' title="bbox 98 1814 1101 1898; baseline 0.003 -25"><span class='ocrx_word' id='word_1_133' title='bbox 98 1833 158 1894; x_wconf 93' lang='lat' dir='ltr'>que</span> <span class='ocrx_word' id='word_1_134' title='bbox 182 1831 236 1893; x_wconf 91' lang='lat' dir='ltr'>per</span> <span class='ocrx_word' id='word_1_135' title='bbox 252 1823 384 1894; x_wconf 88' lang='lat' dir='ltr'>tempora</span> <span class='ocrx_word' id='word_1_136' title='bbox 401 1814 453 1876; x_wconf 94' lang='lat' dir='ltr'>sed</span> <span class='ocrx_word' id='word_1_137' title='bbox 470 1835 524 1896; x_wconf 92' lang='lat' dir='ltr'>per</span> <span class='ocrx_word' id='word_1_138' title='bbox 545 1819 661 1898; x_wconf 86' lang='lat' dir='ltr'>species</span> <span class='ocrx_word' id='word_1_139' title='bbox 679 1835 840 1896; x_wconf 86' lang='lat' dir='ltr'>exsequar,</span> <span class='ocrx_word' id='word_1_140' title='bbox 866 1834 922 1896; x_wconf 92' lang='lat' dir='ltr'>quo</span> <span class='ocrx_word' id='word_1_141' title='bbox 941 1816 1101 1877; x_wconf 85' lang='lat' dir='ltr'>distinctius</span> 
     </span>
    </p>

    <p class='ocr_par' dir='ltr' id='par_1_14' title="bbox 15 1899 645 1980">
     <span class='ocr_line' id='line_1_20' title="bbox 15 1899 645 1980; baseline 0.002 -20"><span class='ocrx_word' id='word_1_142' title='bbox 15 1905 17 1960; x_wconf 64' lang='lat' dir='ltr'>i</span> <span class='ocrx_word' id='word_1_143' title='bbox 98 1899 291 1959; x_wconf 89' lang='lat' dir='ltr'>demonstrari</span> <span class='ocrx_word' id='word_1_144' title='bbox 308 1899 507 1980; x_wconf 78' lang='lat' dir='ltr'>cognoscique</span> <span class='ocrx_word' id='word_1_145' title='bbox 523 1902 645 1980; x_wconf 92' lang='lat' dir='ltr'>possint.</span> 
     </span>
    </p>

    <p class='ocr_par' dir='ltr' id='par_1_15' title="bbox 60 1981 1143 2400">
     <span class='ocr_line' id='line_1_21' title="bbox 60 1981 1100 2065; baseline 0.01 -31"><span class='ocrx_word' id='word_1_146' title='bbox 60 1992 87 2034; x_wconf 84' lang='lat' dir='ltr'>ao</span> <span class='ocrx_word' id='word_1_147' title='bbox 164 1981 246 2042; x_wconf 91' lang='lat' dir='ltr'>Bella</span> <span class='ocrx_word' id='word_1_148' title='bbox 272 1982 368 2043; x_wconf 84' lang='lat' dir='ltr'>civilia</span> <span class='ocrx_word' id='word_1_149' title='bbox 393 1985 518 2063; x_wconf 91' lang='lat' dir='ltr'>quinque</span> <span class='ocrx_word' id='word_1_150' title='bbox 541 1987 648 2061; x_wconf 84' lang='lat' dir='ltr'>gessit:</span> <span class='ocrx_word' id='word_1_151' title='bbox 682 1985 860 2060; x_wconf 80' lang='lat' dir='ltr'>Mutinense,</span> <span class='ocrx_word' id='word_1_152' title='bbox 903 1984 1100 2065; x_wconf 91' lang='lat' dir='ltr'>Philippense,</span> 
     </span>
     <span class='ocr_line' id='line_1_22' title="bbox 98 2065 1100 2148; baseline -0.001 -20"><span class='ocrx_word' id='word_1_153' title='bbox 98 2066 286 2145; x_wconf 88' lang='lat' dir='ltr'>Perusinum,</span> <span class='ocrx_word' id='word_1_154' title='bbox 310 2065 453 2143; x_wconf 87' lang='lat' dir='ltr'>Siculum,</span> <span class='ocrx_word' id='word_1_155' title='bbox 475 2067 645 2137; x_wconf 70' lang='lat' dir='ltr'>Actiacum</span> <span class='ocrx_word' id='word_1_156' title='bbox 663 2068 799 2148; x_wconf 91' lang='lat' dir='ltr'>equibus</span> <span class='ocrx_word' id='word_1_157' title='bbox 818 2068 938 2146; x_wconf 90' lang='lat' dir='ltr'>primum</span> <span class='ocrx_word' id='word_1_158' title='bbox 956 2086 991 2128; x_wconf 92' lang='lat' dir='ltr'>ac</span> <span class='ocrx_word' id='word_1_159' title='bbox 1005 2071 1100 2127; x_wconf 88' lang='lat' dir='ltr'>novis·</span> 
     </span>
     <span class='ocr_line' id='line_1_23' title="bbox 98 2150 1101 2229; baseline 0.001 -19"><span class='ocrx_word' id='word_1_160' title='bbox 98 2153 201 2210; x_wconf 89' lang='lat' dir='ltr'>simum</span> <span class='ocrx_word' id='word_1_161' title='bbox 221 2150 361 2211; x_wconf 85' lang='lat' dir='ltr'>adversus</span> <span class='ocrx_word' id='word_1_162' title='bbox 379 2150 418 2211; x_wconf 87' lang='lat' dir='ltr'>bl.</span> <span class='ocrx_word' id='word_1_163' title='bbox 438 2150 608 2229; x_wconf 83' lang='lat' dir='ltr'>Antonium,</span> <span class='ocrx_word' id='word_1_164' title='bbox 638 2153 795 2213; x_wconf 90' lang='lat' dir='ltr'>secundum</span> <span class='ocrx_word' id='word_1_165' title='bbox 821 2150 961 2212; x_wconf 85' lang='lat' dir='ltr'>adversus</span> <span class='ocrx_word' id='word_1_166' title='bbox 985 2151 1101 2212; x_wconf 90' lang='lat' dir='ltr'>Brutum</span> 
     </span>
     <span class='ocr_line' id='line_1_24' title="bbox 99 2233 1099 2314; baseline -0.001 -18"><span class='ocrx_word' id='word_1_167' title='bbox 99 2244 129 2296; x_wconf 90' lang='lat' dir='ltr'>et</span> <span class='ocrx_word' id='word_1_168' title='bbox 143 2233 288 2312; x_wconf 84' lang='lat' dir='ltr'>Cassium,</span> <span class='ocrx_word' id='word_1_169' title='bbox 307 2237 422 2296; x_wconf 90' lang='lat' dir='ltr'>tertium</span> <span class='ocrx_word' id='word_1_170' title='bbox 434 2235 573 2297; x_wconf 84' lang='lat' dir='ltr'>adversus</span> <span class='ocrx_word' id='word_1_171' title='bbox 590 2236 621 2296; x_wconf 86' lang='lat' dir='ltr'>L.</span> <span class='ocrx_word' id='word_1_172' title='bbox 637 2235 792 2296; x_wconf 82' lang='lat' dir='ltr'>Antonium</span> <span class='ocrx_word' id='word_1_173' title='bbox 811 2236 949 2295; x_wconf 81' lang='lat' dir='ltr'>triumviri</span> <span class='ocrx_word' id='word_1_174' title='bbox 971 2235 1099 2314; x_wconf 86' lang='lat' dir='ltr'>fratrem,</span> 
     </span>
     <span class='ocr_line' id='line_1_25' title="bbox 99 2318 1143 2400; baseline 0.003 -22"><span class='ocrx_word' id='word_1_175' title='bbox 99 2327 232 2400; x_wconf 89' lang='lat' dir='ltr'>quartum</span> <span class='ocrx_word' id='word_1_176' title='bbox 252 2320 391 2380; x_wconf 88' lang='lat' dir='ltr'>adversus</span> <span class='ocrx_word' id='word_1_177' title='bbox 411 2320 530 2381; x_wconf 78' lang='lat' dir='ltr'>Sextum</span> <span class='ocrx_word' id='word_1_178' title='bbox 546 2321 713 2400; x_wconf 91' lang='lat' dir='ltr'>Pompeium</span> <span class='ocrx_word' id='word_1_179' title='bbox 726 2319 786 2382; x_wconf 82' lang='lat' dir='ltr'>CN.</span> <span class='ocrx_word' id='word_1_180' title='bbox 802 2318 835 2380; x_wconf 85' lang='lat' dir='ltr'>P.</span> <span class='ocrx_word' id='word_1_181' title='bbox 865 2318 994 2380; x_wconf 89' lang='lat' dir='ltr'>Omnium</span> <span class='ocrx_word' id='word_1_182' title='bbox 1007 2320 1098 2381; x_wconf 89' lang='lat' dir='ltr'>bello·</span> <span class='ocrx_word' id='word_1_183' title='bbox 1110 2329 1143 2381; x_wconf 82' lang='lat' dir='ltr'>lo</span> 
     </span>
    </p>

    <p class='ocr_par' dir='ltr' id='par_1_16' title="bbox 64 2404 1101 2821">
     <span class='ocr_line' id='line_1_26' title="bbox 64 2404 1100 2485; baseline 0.006 -26"><span class='ocrx_word' id='word_1_184' title='bbox 64 2420 163 2464; x_wconf 79' lang='lat' dir='ltr'>rerum</span> <span class='ocrx_word' id='word_1_185' title='bbox 184 2404 291 2465; x_wconf 88' lang='lat' dir='ltr'>initium</span> <span class='ocrx_word' id='word_1_186' title='bbox 306 2414 335 2465; x_wconf 86' lang='lat' dir='ltr'>et</span> <span class='ocrx_word' id='word_1_187' title='bbox 356 2422 470 2466; x_wconf 89' lang='lat' dir='ltr'>causam</span> <span class='ocrx_word' id='word_1_188' title='bbox 485 2405 552 2466; x_wconf 93' lang='lat' dir='ltr'>binc</span> <span class='ocrx_word' id='word_1_189' title='bbox 576 2407 711 2485; x_wconf 88' lang='lat' dir='ltr'>sumpsit:</span> <span class='ocrx_word' id='word_1_190' title='bbox 731 2404 799 2466; x_wconf 89' lang='lat' dir='ltr'>nibil</span> <span class='ocrx_word' id='word_1_191' title='bbox 817 2405 1034 2466; x_wconf 86' lang='lat' dir='ltr'>convenientius</span> <span class='ocrx_word' id='word_1_192' title='bbox 1052 2405 1100 2466; x_wconf 93' lang='lat' dir='ltr'>du·</span> 
     </span>
     <span class='ocr_line' id='line_1_27' title="bbox 100 2490 1100 2569; baseline 0.001 -21"><span class='ocrx_word' id='word_1_193' title='bbox 100 2506 171 2549; x_wconf 85' lang='lat' dir='ltr'>cens</span> <span class='ocrx_word' id='word_1_194' title='bbox 193 2507 277 2568; x_wconf 92' lang='lat' dir='ltr'>quam</span> <span class='ocrx_word' id='word_1_195' title='bbox 299 2507 401 2550; x_wconf 89' lang='lat' dir='ltr'>necem</span> <span class='ocrx_word' id='word_1_196' title='bbox 424 2490 557 2551; x_wconf 83' lang='lat' dir='ltr'>auunculi</span> <span class='ocrx_word' id='word_1_197' title='bbox 575 2491 722 2552; x_wconf 85' lang='lat' dir='ltr'>vindicare</span> <span class='ocrx_word' id='word_1_198' title='bbox 743 2492 875 2569; x_wconf 90' lang='lat' dir='ltr'>tuerique</span> <span class='ocrx_word' id='word_1_199' title='bbox 898 2499 976 2569; x_wconf 88' lang='lat' dir='ltr'>acta,</span> <span class='ocrx_word' id='word_1_200' title='bbox 1003 2490 1100 2551; x_wconf 86' lang='lat' dir='ltr'>confe-</span> 
     </span>
     <span class='ocr_line' id='line_1_28' title="bbox 99 2572 1100 2654; baseline -0.001 -22"><span class='ocrx_word' id='word_1_201' title='bbox 99 2572 166 2632; x_wconf 88' lang='lat' dir='ltr'>stim</span> <span class='ocrx_word' id='word_1_202' title='bbox 184 2582 214 2632; x_wconf 88' lang='lat' dir='ltr'>ut</span> <span class='ocrx_word' id='word_1_203' title='bbox 231 2573 391 2654; x_wconf 82' lang='lat' dir='ltr'>Apollonia</span> <span class='ocrx_word' id='word_1_204' title='bbox 404 2574 505 2651; x_wconf 87' lang='lat' dir='ltr'>rediit,</span> <span class='ocrx_word' id='word_1_205' title='bbox 529 2574 647 2635; x_wconf 90' lang='lat' dir='ltr'>Brutum</span> <span class='ocrx_word' id='word_1_206' title='bbox 671 2572 859 2654; x_wconf 80' lang='lat' dir='ltr'>Cassiumque</span> <span class='ocrx_word' id='word_1_207' title='bbox 883 2583 913 2634; x_wconf 86' lang='lat' dir='ltr'>et</span> <span class='ocrx_word' id='word_1_208' title='bbox 938 2574 1100 2653; x_wconf 82' lang='lat' dir='ltr'>vinecopi·</span> 
     </span>
     <span class='ocr_line' id='line_1_29' title="bbox 99 2656 1101 2739; baseline -0.001 -23"><span class='ocrx_word' id='word_1_209' title='bbox 99 2656 193 2717; x_wconf 91' lang='lat' dir='ltr'>nantis</span> <span class='ocrx_word' id='word_1_210' title='bbox 211 2667 240 2717; x_wconf 91' lang='lat' dir='ltr'>et</span> <span class='ocrx_word' id='word_1_211' title='bbox 258 2659 340 2738; x_wconf 91' lang='lat' dir='ltr'>(quia</span> <span class='ocrx_word' id='word_1_212' title='bbox 358 2660 505 2739; x_wconf 87' lang='lat' dir='ltr'>provisum</span> <span class='ocrx_word' id='word_1_213' title='bbox 529 2659 690 2739; x_wconf 89' lang='lat' dir='ltr'>pericnlum</span> <span class='ocrx_word' id='word_1_214' title='bbox 713 2659 966 2738; x_wconf 79' lang='lat' dir='ltr'>subterfugerant)</span> <span class='ocrx_word' id='word_1_215' title='bbox 985 2657 1101 2736; x_wconf 88' lang='lat' dir='ltr'>legibus</span> 
     </span>
     <span class='ocr_line' id='line_1_30' title="bbox 100 2738 1100 2821; baseline -0.001 -20"><span class='ocrx_word' id='word_1_216' title='bbox 100 2738 222 2816; x_wconf 88' lang='lat' dir='ltr'>adgredi</span> <span class='ocrx_word' id='word_1_217' title='bbox 245 2759 373 2821; x_wconf 90' lang='lat' dir='ltr'>reosque</span> <span class='ocrx_word' id='word_1_218' title='bbox 392 2744 490 2804; x_wconf 91' lang='lat' dir='ltr'>caedis</span> <span class='ocrx_word' id='word_1_219' title='bbox 512 2743 640 2805; x_wconf 88' lang='lat' dir='ltr'>absentis</span> <span class='ocrx_word' id='word_1_220' title='bbox 661 2744 777 2806; x_wconf 81' lang='lat' dir='ltr'>deferre</span> <span class='ocrx_word' id='word_1_221' title='bbox 804 2746 910 2805; x_wconf 88' lang='lat' dir='ltr'>statuit.</span> <span class='ocrx_word' id='word_1_222' title='bbox 939 2743 1034 2803; x_wconf 84' lang='lat' dir='ltr'>Ludos</span> <span class='ocrx_word' id='word_1_223' title='bbox 1052 2759 1100 2800; x_wconf 90' lang='lat' dir='ltr'>au·</span> 
     </span>
    </p>

    <p class='ocr_par' dir='ltr' id='par_1_17' title="bbox 65 2825 1100 3073">
     <span class='ocr_line' id='line_1_31' title="bbox 65 2825 1100 2907; baseline -0.003 -21"><span class='ocrx_word' id='word_1_224' title='bbox 65 2833 159 2886; x_wconf 81' lang='lat' dir='ltr'>actem</span> <span class='ocrx_word' id='word_1_225' title='bbox 178 2825 319 2887; x_wconf 83' lang='lat' dir='ltr'>victoriae</span> <span class='ocrx_word' id='word_1_226' title='bbox 338 2825 490 2905; x_wconf 80' lang='lat' dir='ltr'>Caesaris,</span> <span class='ocrx_word' id='word_1_227' title='bbox 514 2847 571 2890; x_wconf 90' lang='lat' dir='ltr'>non</span> <span class='ocrx_word' id='word_1_228' title='bbox 593 2829 765 2890; x_wconf 89' lang='lat' dir='ltr'>audentibus</span> <span class='ocrx_word' id='word_1_229' title='bbox 785 2829 886 2890; x_wconf 87' lang='lat' dir='ltr'>iacere</span> <span class='ocrx_word' id='word_1_230' title='bbox 909 2825 1012 2907; x_wconf 87' lang='lat' dir='ltr'>quihus</span> <span class='ocrx_word' id='word_1_231' title='bbox 1027 2825 1100 2904; x_wconf 92' lang='lat' dir='ltr'>opti·</span> 
     </span>
     <span class='ocr_line' id='line_1_32' title="bbox 98 2909 1100 2993; baseline 0 -25"><span class='ocrx_word' id='word_1_232' title='bbox 98 2917 184 2986; x_wconf 83' lang='lat' dir='ltr'>gerat</span> <span class='ocrx_word' id='word_1_233' title='bbox 198 2909 226 2969; x_wconf 97' lang='lat' dir='ltr'>id</span> <span class='ocrx_word' id='word_1_234' title='bbox 238 2929 355 2988; x_wconf 90' lang='lat' dir='ltr'>munus,</span> <span class='ocrx_word' id='word_1_235' title='bbox 381 2912 446 2990; x_wconf 89' lang='lat' dir='ltr'>ipse</span> <span class='ocrx_word' id='word_1_236' title='bbox 461 2912 560 2973; x_wconf 90' lang='lat' dir='ltr'>edidit.</span> <span class='ocrx_word' id='word_1_237' title='bbox 582 2913 620 2973; x_wconf 87' lang='lat' dir='ltr'>Et</span> <span class='ocrx_word' id='word_1_238' title='bbox 635 2931 692 2993; x_wconf 94' lang='lat' dir='ltr'>quo</span> <span class='ocrx_word' id='word_1_239' title='bbox 716 2915 894 2976; x_wconf 89' lang='lat' dir='ltr'>constantius</span> <span class='ocrx_word' id='word_1_240' title='bbox 914 2920 1013 2971; x_wconf 87' lang='lat' dir='ltr'>cetera</span> <span class='ocrx_word' id='word_1_241' title='bbox 1030 2924 1100 2989; x_wconf 93' lang='lat' dir='ltr'>quo·</span> 
     </span>
     <span class='ocr_line' id='line_1_33' title="bbox 99 2992 1099 3073; baseline 0.001 -22"><span class='ocrx_word' id='word_1_242' title='bbox 99 3010 157 3072; x_wconf 91' lang='lat' dir='ltr'>que</span> <span class='ocrx_word' id='word_1_243' title='bbox 172 3003 382 3073; x_wconf 86' lang='lat' dir='ltr'>exequeretur,</span> <span class='ocrx_word' id='word_1_244' title='bbox 406 2997 435 3056; x_wconf 97' lang='lat' dir='ltr'>in</span> <span class='ocrx_word' id='word_1_245' title='bbox 456 2995 552 3059; x_wconf 88' lang='lat' dir='ltr'>locum</span> <span class='ocrx_word' id='word_1_246' title='bbox 566 2997 625 3058; x_wconf 80' lang='lat' dir='ltr'>PR.</span> <span class='ocrx_word' id='word_1_247' title='bbox 644 2997 698 3057; x_wconf 90' lang='lat' dir='ltr'>PL.</span> <span class='ocrx_word' id='word_1_248' title='bbox 718 2999 795 3060; x_wconf 85' lang='lat' dir='ltr'>forte</span> <span class='ocrx_word' id='word_1_249' title='bbox 812 2996 952 3057; x_wconf 89' lang='lat' dir='ltr'>demortui</span> <span class='ocrx_word' id='word_1_250' title='bbox 969 2992 1099 3055; x_wconf 89' lang='lat' dir='ltr'>candida·</span> 
     </span>
    </p>
   </div>
   <div class='ocr_carea' id='block_1_3' title="bbox 15 3075 1192 3582">
    <p class='ocr_par' dir='ltr' id='par_1_18' title="bbox 15 3075 1100 3329">
     <span class='ocr_line' id='line_1_34' title="bbox 15 3075 1100 3161; baseline -0.001 -23"><span class='ocrx_word' id='word_1_251' title='bbox 15 3099 25 3138; x_wconf 75' lang='lat' dir='ltr'>u</span> <span class='ocrx_word' id='word_1_252' title='bbox 99 3084 157 3135; x_wconf 90' lang='lat' dir='ltr'>tum</span> <span class='ocrx_word' id='word_1_253' title='bbox 176 3096 209 3136; x_wconf 91' lang='lat' dir='ltr'>se</span> <span class='ocrx_word' id='word_1_254' title='bbox 231 3078 372 3156; x_wconf 90' lang='lat' dir='ltr'>ostendit,</span> <span class='ocrx_word' id='word_1_255' title='bbox 399 3098 560 3161; x_wconf 90' lang='lat' dir='ltr'>quanquam</span> <span class='ocrx_word' id='word_1_256' title='bbox 580 3083 718 3159; x_wconf 88' lang='lat' dir='ltr'>patricius</span> <span class='ocrx_word' id='word_1_257' title='bbox 738 3081 860 3143; x_wconf 89' lang='lat' dir='ltr'>necdum</span> <span class='ocrx_word' id='word_1_258' title='bbox 880 3087 1006 3139; x_wconf 88' lang='lat' dir='ltr'>senator.</span> <span class='ocrx_word' id='word_1_259' title='bbox 1041 3075 1100 3138; x_wconf 87' lang='lat' dir='ltr'>Sed</span> 
     </span>
     <span class='ocr_line' id='line_1_35' title="bbox 99 3158 1099 3243; baseline 0 -23"><span class='ocrx_word' id='word_1_260' title='bbox 99 3158 273 3236; x_wconf 81' lang='lat' dir='ltr'>adversante</span> <span class='ocrx_word' id='word_1_261' title='bbox 303 3164 453 3224; x_wconf 90' lang='lat' dir='ltr'>conatibus</span> <span class='ocrx_word' id='word_1_262' title='bbox 480 3168 539 3226; x_wconf 92' lang='lat' dir='ltr'>suis</span> <span class='ocrx_word' id='word_1_263' title='bbox 565 3165 604 3227; x_wconf 88' lang='lat' dir='ltr'>ll.</span> <span class='ocrx_word' id='word_1_264' title='bbox 624 3165 750 3227; x_wconf 83' lang='lat' dir='ltr'>Antonio</span> <span class='ocrx_word' id='word_1_265' title='bbox 781 3163 915 3240; x_wconf 90' lang='lat' dir='ltr'>consule,</span> <span class='ocrx_word' id='word_1_266' title='bbox 945 3181 1029 3243; x_wconf 91' lang='lat' dir='ltr'>quem</span> <span class='ocrx_word' id='word_1_267' title='bbox 1051 3161 1099 3222; x_wconf 83' lang='lat' dir='ltr'>vel</span> 
     </span>
     <span class='ocr_line' id='line_1_36' title="bbox 67 3246 1099 3329; baseline 0.002 -26"><span class='ocrx_word' id='word_1_268' title='bbox 67 3265 90 3310; x_wconf 74' lang='lat'>³⁵</span> <span class='ocrx_word' id='word_1_269' title='bbox 101 3247 291 3325; x_wconf 88' lang='lat' dir='ltr'>praecipuum</span> <span class='ocrx_word' id='word_1_270' title='bbox 309 3247 469 3308; x_wconf 87' lang='lat' dir='ltr'>adiutorem</span> <span class='ocrx_word' id='word_1_271' title='bbox 494 3258 680 3329; x_wconf 85' lang='lat' dir='ltr'>speraverat,</span> <span class='ocrx_word' id='word_1_272' title='bbox 709 3268 745 3310; x_wconf 90' lang='lat' dir='ltr'>ao</span> <span class='ocrx_word' id='word_1_273' title='bbox 765 3267 802 3309; x_wconf 91' lang='lat' dir='ltr'>ne</span> <span class='ocrx_word' id='word_1_274' title='bbox 819 3246 965 3327; x_wconf 92' lang='lat' dir='ltr'>publicum</span> <span class='ocrx_word' id='word_1_275' title='bbox 985 3246 1099 3327; x_wconf 90' lang='lat' dir='ltr'>quidem</span> 
     </span>
    </p>

    <p class='ocr_par' dir='ltr' id='par_1_19' title="bbox 99 3330 1192 3582">
     <span class='ocr_line' id='line_1_37' title="bbox 100 3330 1192 3413; baseline 0.003 -28"><span class='ocrx_word' id='word_1_276' title='bbox 100 3336 130 3385; x_wconf 90' lang='lat' dir='ltr'>et</span> <span class='ocrx_word' id='word_1_277' title='bbox 151 3330 350 3392; x_wconf 86' lang='lat' dir='ltr'>translativum</span> <span class='ocrx_word' id='word_1_278' title='bbox 368 3333 413 3393; x_wconf 93' lang='lat' dir='ltr'>ius</span> <span class='ocrx_word' id='word_1_279' title='bbox 429 3332 488 3394; x_wconf 89' lang='lat' dir='ltr'>ulla</span> <span class='ocrx_word' id='word_1_280' title='bbox 510 3337 587 3394; x_wconf 91' lang='lat' dir='ltr'>inre</span> <span class='ocrx_word' id='word_1_281' title='bbox 603 3333 658 3393; x_wconf 91' lang='lat' dir='ltr'>sibi</span> <span class='ocrx_word' id='word_1_282' title='bbox 675 3335 738 3394; x_wconf 87' lang='lat' dir='ltr'>sine</span> <span class='ocrx_word' id='word_1_283' title='bbox 758 3331 895 3413; x_wconf 91' lang='lat' dir='ltr'>pactione</span> <span class='ocrx_word' id='word_1_284' title='bbox 911 3331 1099 3409; x_wconf 87' lang='lat' dir='ltr'>gravissimae</span> <span class='ocrx_word' id='word_1_285' title='bbox 1187 3369 1192 3380; x_wconf 85' lang='lat'><em>·</em></span> 
     </span>
     <span class='ocr_line' id='line_1_38' title="bbox 99 3413 1098 3499; baseline -0.001 -28"><span class='ocrx_word' id='word_1_286' title='bbox 99 3413 242 3474; x_wconf 86' lang='lat' dir='ltr'>mercedis</span> <span class='ocrx_word' id='word_1_287' title='bbox 259 3417 459 3495; x_wconf 87' lang='lat' dir='ltr'>impertiente,</span> <span class='ocrx_word' id='word_1_288' title='bbox 487 3417 522 3479; x_wconf 89' lang='lat' dir='ltr'>ad</span> <span class='ocrx_word' id='word_1_289' title='bbox 538 3419 692 3499; x_wconf 86' lang='lat' dir='ltr'>optimates</span> <span class='ocrx_word' id='word_1_290' title='bbox 709 3434 743 3477; x_wconf 91' lang='lat' dir='ltr'>se</span> <span class='ocrx_word' id='word_1_291' title='bbox 763 3417 899 3496; x_wconf 91' lang='lat' dir='ltr'>contulit,</span> <span class='ocrx_word' id='word_1_292' title='bbox 919 3416 1020 3497; x_wconf 94' lang='lat' dir='ltr'>quibus</span> <span class='ocrx_word' id='word_1_293' title='bbox 1035 3431 1098 3476; x_wconf 92' lang='lat' dir='ltr'>eum</span> 
     </span>
     <span class='ocr_line' id='line_1_39' title="bbox 99 3493 1098 3582; baseline 0.004 -30"><span class='ocrx_word' id='word_1_294' title='bbox 99 3493 220 3558; x_wconf 81' lang='lat' dir='ltr'>inrisum</span> <span class='ocrx_word' id='word_1_295' title='bbox 241 3500 402 3578; x_wconf 89' lang='lat' dir='ltr'>sentiebat,</span> <span class='ocrx_word' id='word_1_296' title='bbox 425 3503 550 3562; x_wconf 84' lang='lat' dir='ltr'>maxime</span> <span class='ocrx_word' id='word_1_297' title='bbox 569 3502 646 3582; x_wconf 93' lang='lat' dir='ltr'>quod</span> <span class='ocrx_word' id='word_1_298' title='bbox 662 3502 697 3563; x_wconf 83' lang='lat' dir='ltr'>l).</span> <span class='ocrx_word' id='word_1_299' title='bbox 716 3501 834 3564; x_wconf 88' lang='lat' dir='ltr'>Brutum</span> <span class='ocrx_word' id='word_1_300' title='bbox 853 3500 1003 3564; x_wconf 91' lang='lat' dir='ltr'>obsessum</span> <span class='ocrx_word' id='word_1_301' title='bbox 1017 3497 1098 3560; x_wconf 88' lang='lat' dir='ltr'>bluti-</span> 
     </span>
    </p>
   </div>
   <div class='ocr_carea' id='block_1_4' title="bbox 0 0 1239 3912">
    <p class='ocr_par' dir='ltr' id='par_1_20' title="bbox 0 0 1239 3912">
     <span class='ocr_line' id='line_1_40' title="bbox 0 0 1239 3912; baseline 0 0"><span class='ocrx_word' id='word_1_302' title='bbox 0 0 1239 3912; x_wconf 95' lang='lat' dir='ltr'> </span> 
     </span>
    </p>
   </div>
  </div>
 </body>
</html>
