2468 3912
213 249 297 298 xovr
546 247 759 316 „nnnnsnuro

215 409 301 467 baec:
320 407 491 481 Explicit
511 407 772 479 praescriptae
793 406 982 464 uerborum
997 409 1121 467 dille.

215 492 357 548 rentiae
388 507 430 548 ex
458 491 555 547 libro
586 491 754 547 Suetonii
782 490 1035 563 Tranquillini
1058 495 1121 566 qui

214 575 433 632 inscribitur
449 574 595 632 l’ratum.
627 575 694 630 Inde
705 590 761 646 ego
772 576 910 646 integrum
924 575 1031 632 titulum
1042 593 1121 634 com-

214 659 297 734 posui
315 677 345 732 p.
360 664 422 730 306,
441 666 483 719 35.

278 743 323 799 Ad
353 743 551 800 emendandum
578 743 703 798 libellum
730 743 910 799 uehementer
938 744 1121 816 depravatum

216 829 392 886 contulerunt
414 827 539 884 nonnibil
562 828 634 883 duaa
648 825 866 882 differentiarum
888 827 1056 899 scriptiones
1077 830 1122 886 si-

215 913 362 982 millimae,
381 927 451 982 quae
471 912 570 967 eodem
589 911 687 966 codice
708 910 952 983 llontepeasulano
973 913 1118 970 continen·

215 1003 270 1053 tur.
315 996 411 1052 Altera
437 995 578 1068 superiori
603 994 729 1066 proxime
750 994 924 1066 praecedens
945 995 984 1052 ita
1004 995 1119 1069 incipit.

215 1079 308 1136 ‘lntor
324 1079 457 1135 auxilium
472 1086 500 1134 et
521 1077 691 1152 praesidium
710 1084 738 1134 et
757 1077 928 1134 subsidium'
944 1076 983 1136 ita
998 1079 1119 1138 desinit:

215 1163 307 1219 ‘luter
320 1166 439 1219 ultorem
458 1170 486 1219 et
497 1162 635 1219 uindicem
650 1163 705 1218 hoo
720 1161 852 1232 interest,
867 1162 942 1234 qnod
953 1162 1119 1220 ulciscimur

213 1263 267 1304 nos
282 1254 397 1321 accepta
413 1246 532 1317 iniuria,
552 1245 724 1302 vindicamus
740 1262 775 1300 ne
790 1244 984 1317 accipiamus'.
1028 1247 1119 1304 blaio-

213 1349 274 1388 rem
289 1333 351 1387 eius
373 1330 536 1403 scriptionis
551 1336 658 1402 partem
678 1329 766 1386 edidit
783 1345 809 1386 a.
827 1335 893 1390 1605
908 1329 984 1386 Elias
999 1330 1118 1388 l'ntscho

213 1417 242 1471 in
266 1414 455 1472 Grammaticis
485 1414 543 1470 suis
571 1431 597 1486 p.
618 1420 687 1473 2203
706 1430 767 1485 sqq.
812 1412 979 1470 Postremum
1008 1420 1119 1486 partem

213 1499 357 1572 supplevit
387 1515 422 1553 ox
449 1498 511 1570 ipso
541 1497 640 1553 codice
662 1498 753 1553 editor
775 1496 896 1568 catalogi
927 1514 1010 1571 supra
1037 1497 1118 1555 citati

214 1600 244 1655 p.
256 1588 308 1641 412
324 1599 367 1653 sq.
386 1586 414 1636 et
430 1598 465 1637 ex
481 1582 643 1654 apographo
654 1579 827 1637 Dorvilliano
839 1580 1117 1639 Ferdinandusllond

213 1665 243 1719 in
257 1670 462 1737 programmate
479 1664 589 1720 lenensi
605 1682 629 1720 a.
647 1671 723 1724 1848.
758 1663 882 1720 Alteram
897 1665 1115 1723 differentiarum

215 1749 358 1819 syllogen,
370 1765 442 1819 quac
455 1749 494 1804 ita
509 1748 621 1820 incipit:
637 1749 732 1803 ‘luter
746 1747 876 1821 polliceri
891 1754 919 1806 et
933 1749 1113 1823 promittere’

214 1839 243 1888 ct
259 1831 362 1888 lsidori
378 1831 553 1903 Hispalensis
569 1848 631 1888 osse
647 1833 751 1902 lentur,
774 1833 855 1905 primi
874 1835 1020 1890 ediderunt
1034 1835 1117 1892 laco-
1227 1857 1228 1866 ³

212 1915 266 1973 bus
280 1915 315 1971 du
330 1917 414 1972 Breul
429 1932 490 1972 cnm
504 1915 613 1972 lsidorc
629 1917 714 1973 Paris.
732 1921 798 1976 1601
815 1917 1000 2001 etDionysius
1011 1918 1116 1975 Gotho-

213 2000 310 2057 fredus
328 1999 355 2056 in
380 2000 569 2057 Grammaticis
590 2001 648 2057 suis
674 2018 700 2057 a.
720 2006 805 2070 1602,
828 2001 908 2072 isque
923 2002 1116 2072 bongarsiano

212 2084 311 2140 codice
333 2101 409 2140 usus.
454 2084 520 2141 llius
541 2084 630 2140 libelli
651 2100 706 2155 ego
729 2100 839 2156 quoque
858 2085 989 2142 maiorem
1009 2091 1116 2157 partem
1226 2085 1227 2149 ἰ

211 2167 306 2241 reperi
335 2168 363 2223 in
386 2167 484 2224 codice
508 2168 655 2225 Basiliensi
679 2168 1002 2226 Flll15·Scec.v111.
1041 2167 1115 2225 lion-

211 2252 285 2308 nulla
302 2251 441 2308 Arevalus
456 2253 581 2308 contulit.

273 2337 329 2390 lam
345 2335 370 2390 si
386 2335 496 2406 quiade
515 2336 681 2392 auctoritate
702 2335 783 2391 huius
799 2334 890 2392 libelli
907 2343 1037 2407 quaerat,
1061 2336 1117 2393 boo

211 2416 328 2488 primum
341 2434 453 2488 moneo,
471 2419 560 2491 qualis
579 2426 622 2476 est
638 2419 720 2474 talem
737 2435 827 2491 neque
842 2436 858 2476 a
874 2418 1008 2475 Suetonio
1024 2436 1117 2492 nequo

213 2501 247 2555 ab
264 2501 321 2555 ullo
344 2507 441 2556 vetere
467 2503 606 2574 scriptore
628 2503 808 2574 compositum
832 2519 896 2559 esse
919 2518 1020 2575 posse:
1039 2509 1116 2560 tanto

213 2589 257 2638 est
280 2600 373 2639 rerum
394 2587 611 2657 perscriptorem
627 2586 784 2642 commixtio
802 2603 835 2644 ac
848 2587 1031 2659 perturbatio.
1068 2586 1117 2642 li-

213 2668 286 2723 tulos
299 2667 591 2740 differentiasquidem
608 2685 763 2726 sermonum
779 2670 928 2742 pollicetur
944 2676 972 2726 et
988 2677 1032 2726 est
1047 2687 1116 2727 sano
1223 2659 1224 2678 ¹

210 2750 300 2808 maior
317 2768 384 2823 pars
408 2751 468 2806 cius
484 2754 655 2823 argumenti,
676 2755 727 2810 sed
747 2753 959 2827 interponuntur
979 2754 1115 2826 permulta

211 2837 293 2907 plano
317 2836 421 2892 diversi
445 2836 575 2906 generis,
607 2838 641 2893 do
667 2837 901 2894 declinationibus
922 2837 1061 2893 nominum
1086 2843 1117 2892 et
1222 2849 1223 2878 1

211 2921 362 2975 verborum
376 2918 421 2975 uel
438 2920 472 2974 ad
488 2935 656 2976 communem
672 2920 804 2992 loquendi
820 2937 898 2977 usum
914 2921 960 2976 uel
977 2921 1011 2977 ad
1026 2919 1115 2990 magi·

210 3010 331 3059 strorum
345 3009 497 3076 praccepta
515 3003 680 3075 dirigendis,
697 3004 731 3060 dc
750 3005 901 3073 generibus
916 3004 1064 3074 nominum,
1079 3003 1116 3058 de
1221 3067 1222 3078 χ

210 3087 368 3158 originibus
381 3087 590 3158 uocabulorum,
605 3089 640 3143 de
651 3094 728 3143 recto
742 3085 932 3158 intelligendis
944 3087 1040 3145 uerbis
1052 3087 1116 3159 qui-

210 3171 327 3226 busdam
347 3170 520 3242 rarioribuS,
543 3188 632 3242 eaque
650 3178 703 3226 tam
718 3170 836 3226 disiecta
854 3176 882 3226 et
897 3171 977 3242 quasi
997 3171 1115 3227 fortuito

210 3254 314 3324 passim
329 3271 436 3326 sparsa,
453 3261 509 3309 tum
524 3256 644 3327 repetita
658 3270 768 3326 quoquc
783 3253 827 3310 bis
841 3262 918 3313 terre
934 3263 1015 3327 atque
1031 3253 1114 3308 otiam
1220 3257 1221 3276 ³

211 3338 395 3406 repugnantia
409 3338 481 3393 inter
497 3355 539 3409 se,
556 3345 586 3393 ut
604 3345 708 3394 certum
720 3338 856 3409 quoddam
867 3339 1008 3396 scribendi
1023 3354 1115 3409 genus

213 3425 372 3489 certumque
397 3421 544 3494 scriptoris
570 3422 715 3478 consilium
733 3436 787 3477 non
806 3438 965 3494 agnoscas,
991 3422 1042 3478 sed
1063 3419 1115 3477 ad·
1219 3449 1220 3490 f

214 3500 338 3555 versario
365 3503 498 3572 quaedam
524 3506 695 3577 perlustrare
721 3504 772 3560 tibi
788 3507 902 3562 videare
925 3507 1062 3579 privatum
1083 3502 1113 3560 in
