2468 3912
391 57 466 115 st·
487 67 543 129 oq
575 51 886 174 euprepus&
911 80 1016 142 ,tw

128 199 149 261 t
218 207 248 256 c.
264 207 413 256 sunnonr
429 207 556 266 nunno.
572 207 716 255 orsurus
733 206 916 256 consenum
933 209 1001 256 nra.
1016 209 1039 256 1.

56 387 102 440 ‘3-
130 380 209 446 ques
222 380 325 423 seeum
340 361 431 422 simul
444 360 666 440 defendissent,
684 361 777 422 coitio
792 361 930 440 satarum
936 388 951 434 ,·
966 381 1038 423 acm
1051 363 1131 426 Coe·

51 481 66 520 3
80 479 90 516 2
129 449 199 509 sari
214 446 324 506 multos
336 444 456 506 Marios
469 446 578 505 inesse.

49 553 120 611 ‘sta
195 529 342 609 Stipendia
358 532 447 609 prima
462 530 491 588 in
502 529 572 588 Asia
587 529 656 588 lecit
670 528 758 588 Marci
771 529 886 590 Thermi
902 533 1046 610 praetoris
1061 551 1131 593 con·
1212 523 1230 608 a

51 624 98 697 qq
130 615 263 676 tubernio
271 637 279 684 ;
294 631 311 673 a
327 632 384 691 quo
400 613 436 672 ad
450 613 654 673 accersendam
668 612 790 686 classem
802 615 829 672 in
843 613 1002 690 Bithyniam
1013 617 1131 694 missus,

53 711 102 794 ‘pp
131 699 244 760 desedit
266 698 341 776 apud
364 696 560 772 Nicomeden,
586 714 644 755 non
662 698 724 756 sine
743 715 859 757 rumore
878 708 1040 776 prostratae
1064 702 1158 778 regis

69 809 116 878 qq
131 782 300 864 pudicitiae;
316 800 400 860 quern
415 799 558 842 rumorem
573 781 666 856 auxit,
679 782 752 840 intra
767 799 878 862 paucos
891 800 990 842 rursus
1006 782 1069 842 dies
1083 802 1130 843 re·

77 869 221 950 oppetita
237 865 367 941 Bithynia
383 883 437 944 per
454 883 568 926 causam
583 863 743 942 exigendae
767 865 923 944 pecuniae,
944 885 1018 944 quae
1042 867 1130 926 debe·

73 969 119 1023 sa
130 961 211 1013 retur
232 949 341 1011 cuidam
357 949 491 1009 libertino
509 949 606 1009 clienti
623 967 686 1008 suo.
708 949 831 1029 Reliqua
843 949 942 1010 militia
957 951 1131 1010 secundiore
1199 959 1230 1036 η’

68 1036 122 1104 tlt(
131 1037 207 1097 larua
222 1035 274 1094 fuit
290 1044 318 1094 et
342 1052 358 1093 a
375 1033 498 1094 Thermo
523 1034 551 1092 in
567 1035 781 1112 expugnatione
798 1033 998 1110 Mytilenarum
1020 1051 1129 1095 corona
1215 1013 1230 1068 Ὗ

65 1125 123 1194 aab
133 1121 225 1181 civica
240 1119 362 1179 donatus
378 1126 432 1178 est.
460 1117 564 1178 Meruit
580 1127 609 1176 et
624 1117 676 1176 sub
693 1117 817 1177 Servilio
832 1117 960 1178 lsaurico
978 1120 1006 1178 in
1019 1117 1130 1196 Cilicia,
1143 1131 1167 1172 tt

67 1204 184 1278 ps‘sed
198 1203 280 1264 brevi
294 1213 436 1282 ternpore.
466 1200 539 1262 Nam
555 1201 653 1261 Sullae
672 1209 764 1261 morte
781 1210 948 1280 comperta,
971 1203 1053 1262 simul
1075 1221 1130 1281 spe

68 1293 110 1350 st
131 1307 225 1350 novae
249 1287 456 1363 dissensionis,
484 1304 557 1365 quae
580 1303 634 1364 per
653 1285 780 1346 Marcum
795 1284 932 1365 Lepidum
948 1285 1129 1364 movebatur,

66 1383 117 1450 tm
131 1375 252 1436 Romam
273 1389 400 1450 propere
426 1370 510 1429 redit.
542 1369 579 1429 Et
596 1369 695 1448 lepidi
720 1370 834 1449 quidem
855 1370 1011 1446 societate,
1032 1387 1129 1447 quarn-
1201 1375 1230 1442 is,

71 1475 114 1538 '7¹7
133 1476 217 1538 quam
239 1456 352 1532 magnis
374 1452 591 1514 condicionibus
610 1455 793 1530 invitaretur,
817 1453 968 1531 abstinuit,
998 1471 1060 1513 cum
1089 1455 1129 1513 in-

69 1559 119 1624 qq
132 1542 221 1618 genio
246 1541 307 1598 eius
328 1536 437 1616 dillisus
458 1547 515 1596 tum
537 1538 710 1614 occasione,
732 1555 815 1616 quam
833 1539 971 1596 minorem
994 1539 1130 1616 opinione
1142 1555 1166 1596 rs

60 1633 121 1708 ppt
133 1623 302 1686 offenderat.
328 1620 462 1681 Ceterum
475 1622 635 1699 composita
647 1621 789 1682 seditione
804 1621 879 1680 civili
892 1620 1057 1681 Cornelium
1070 1620 1129 1681 Do·

67 1723 115 1776 sm
133 1707 269 1769 labellam
291 1705 472 1765 consularem
492 1713 520 1764 et
542 1705 741 1784 triumphalem
763 1704 983 1783 repetundarum
1003 1705 1129 1784 postula·
1211 1714 1230 1762 :t

72 1788 121 1854 't'o
134 1793 189 1861 vit;
207 1788 399 1868 absolutoque
413 1787 545 1848 Rhodum
562 1789 702 1850 secedere
715 1791 826 1865 statuit,
840 1797 868 1848 et
882 1789 918 1849 ad
931 1788 1129 1850 declinandam
1226 1805 1230 1894 p

75 1875 266 1958 opinvtdiam
286 1882 315 1932 et
332 1882 361 1933 ut
382 1891 435 1951 per
456 1873 544 1932 otium
565 1891 599 1932 ac
622 1875 750 1952 requiem
767 1872 924 1951 Apollonio
943 1872 1051 1933 Moloni
1074 1873 1130 1933 cla·
1229 1899 1230 1904 ¹

77 1961 248 2030 sanissimo
269 1967 336 2017 tunc
359 1955 472 2016 dicendi
492 1958 632 2034 magistro
655 1975 774 2035 operam
794 1954 884 2016 daret.
918 1956 982 2016 Huc
1002 1956 1066 2017 dum
1089 1956 1166 2017 tri-ao

83 2045 233 2130 §tabernis
252 2043 307 2102 iam
331 2041 476 2102 mensibus
497 2042 606 2118 traicit,
631 2042 707 2101 circa
730 2040 964 2101 Pharmacussam
979 2041 1130 2101 insulama

85 2125 331 2216 pppraedonibus
344 2135 446 2206 captus
458 2133 519 2202 est,
531 2127 692 2204 mansitque
707 2124 862 2205 apudeos,
875 2143 932 2186 non
945 2125 1007 2184 sine
1025 2141 1131 2184 summa
1219 2193 1224 2198 ,

87 2213 345 2291 ooiudignattone,
364 2228 459 2289 prope
477 2209 665 2288 quadraginta
680 2210 743 2268 dies
758 2227 821 2268 curn
837 2227 893 2269 uno
910 2207 1022 2268 medico
1039 2217 1068 2268 et
1084 2209 1130 2268 cir·
1187 2213 1205 2280 r}
1227 2249 1230 2288 ,

80 2293 270 2368 &cubicularis
287 2294 409 2356 duobus.
440 2292 512 2353 Nam
530 2294 651 2353 comites
669 2309 831 2370 servosque
849 2302 964 2352 ceteros
980 2294 1059 2353 initio
1076 2301 1130 2352 sta-

82 2381 126 2452 5³0
135 2383 185 2440 tim
201 2378 236 2438 ad
252 2377 449 2457 expediendas
464 2379 615 2456 pecunias,
632 2376 734 2455 quibus
749 2377 955 2454 redimeretur,
977 2377 1130 2436 dimiserat.
1140 2394 1167 2435 aa

84 2463 299 2540 ppNumeratis
319 2461 423 2522 deinde
446 2463 653 2541 quinquaginta
668 2461 798 2538 talentis,
820 2463 972 2540 expositus
993 2462 1021 2519 in
1045 2460 1131 2520 litore
1222 2501 1230 2534 .,

84 2545 194 2612 aenon
220 2545 327 2606 distulit
355 2546 421 2625 quin
449 2563 465 2604 e
490 2546 616 2622 vestigio
640 2544 734 2604 classe
760 2544 881 2606 deducta
907 2553 1132 2623 persequeretur

86 2630 286 2712 tpabenntis,
307 2647 342 2690 ac
362 2629 498 2689 redactos
518 2631 546 2688 in
564 2637 735 2708 potestatem
759 2629 920 2709 supplicio,
948 2628 1025 2706 quod
1041 2645 1131 2707 saepe

87 2721 124 2788 Η
136 2717 193 2777 illis
207 2715 329 2774 minatus
345 2714 418 2773 inter
435 2714 530 2774 iocum
545 2713 653 2790 iuerat,
668 2714 817 2774 adiiceret.
842 2715 982 2773 Vastante
994 2712 1131 2790 regiones
1229 2747 1230 2788 p

87 2801 285 2880 5·2proximas
301 2797 461 2858 Mithridate
476 2815 512 2856 ne
528 2796 661 2856 desidere
674 2798 702 2856 in
714 2796 875 2857 discrimine
892 2796 1038 2858 sociorum
1053 2797 1131 2856 vide·
1141 2809 1167 2850 so
1229 2813 1230 2816 ¹

87 2881 104 2939 «ι’
112 2911 125 2964 q
137 2893 233 2960 retur,
245 2882 281 2943 ab
295 2881 417 2958 Rhodo,
430 2898 488 2960 quo
504 2880 702 2959 pertenderat,
715 2881 825 2940 transiit
840 2882 867 2940 in
880 2880 994 2957 Asiam,
1008 2880 1132 2940 auxiliis·
1208 2928 1217 2970 ι

87 2985 126 3055 523
139 2987 195 3049 que
212 2969 369 3028 contractis
385 2975 414 3025 et
435 2965 586 3043 praelecto
609 2965 688 3042 regis
704 2964 853 3044 provincia
868 2966 992 3043 expulso
1009 2964 1132 3024 nutantis
1229 2971 1230 3004 t

82 3073 119 3131 sp
140 3071 174 3112 ac
191 3050 291 3112 dubias
308 3051 439 3111 civitates
454 3050 569 3110 retinuit
584 3051 611 3107 in
628 3047 693 3108 fide.

63 3124 128 3224 §ct
202 3135 357 3196 Tribunatu
373 3134 500 3212 militum,
517 3133 564 3212 qui
580 3134 687 3210 primus
698 3132 818 3192 Romam
832 3150 954 3194 reuerso
969 3150 1023 3211 per
1034 3133 1131 3192 suffra·

82 3215 126 3298 23¹:
140 3219 189 3297 gia
204 3219 305 3298 populi
320 3219 414 3279 honor
426 3220 545 3298 optigit,
563 3224 679 3277 actores
693 3215 887 3278 restituendae
898 3217 1067 3279 tribuniciae
1081 3234 1131 3295 po·
1141 3234 1167 3279 es

85 3324 102 3382 p
113 3325 130 3368 a
140 3303 268 3379 testatis,
282 3304 361 3362 cuius
372 3304 429 3362 vim
442 3303 521 3362 Sulla
533 3300 712 3375 diminuerat,
728 3301 891 3361 enixissime
902 3303 982 3362 iuuit.
1005 3300 1035 3361 L.
1051 3303 1133 3363 etiam

83 3397 131 3452 be
142 3385 251 3448 Ginnae
266 3387 366 3445 uxoris
379 3387 461 3446 fratri
467 3433 475 3463 ,
498 3385 590 3464 etqui
608 3402 670 3444 curn
691 3401 729 3443 eo
746 3385 821 3445 civili
840 3384 985 3446 discordia
999 3385 1132 3464 lepidum
1204 3403 1216 3458 *j

87 3473 134 3534 dt
143 3469 235 3531 secuti
251 3477 318 3547 post
332 3486 432 3530 necem
445 3470 572 3530 consulis
587 3466 623 3528 ad
632 3468 790 3528 Sertorium
803 3470 1003 3544 confugerant,
1017 3469 1134 3530 reditum
1212 3458 1219 3468 ⁸

43 3561 159 3588 -.ῃ-,η

93 3583 147 3636 ,ῃ
