2434 3908
496 213 700 262 eauuunuuo.
966 213 1041 283 nvn

138 363 354 447 antiquissimus
370 381 414 429 est
428 374 592 448 Polyaenus,
604 374 649 446 qui
669 379 796 444 excerpta
813 390 828 428 e
846 373 909 429 Divi
926 372 988 428 lulli
1011 379 1039 429 et

139 458 201 514 Divi
216 458 335 528 Augusti
351 457 416 512 vitis
436 457 620 528 quadraginta
642 457 701 511 fere
725 456 803 512 annis
820 463 963 528 postquam
979 458 1038 512 edi-

138 549 183 598 tae
199 548 261 596 sunt
277 543 304 596 in
321 543 379 596 suls
399 541 609 612 strategematis
624 545 656 610 8,
677 546 720 599 23.
742 545 777 598 24
791 541 926 612 reposuit.
972 541 1039 596 Cas-

137 627 208 682 sium
230 641 340 697 quoque
357 625 474 680 Dionem
487 624 622 680 Suetonio
643 624 768 680 studiose
788 640 865 678 usum
882 642 961 694 esse,
985 625 1038 680 etsi

137 725 192 765 nou
209 710 365 778 condietur,
381 709 474 778 arguit
489 709 567 763 locus
583 713 627 776 64,
643 715 752 766 11-13
768 724 821 779 quo
837 709 901 764 loco
917 726 949 764 ea
967 727 1038 779 quae

137 791 288 848 Suetonius
303 809 330 864 p.
346 797 412 861 213,
432 797 467 850 23
481 791 568 862 patris
584 791 627 846 sui
650 791 702 845 lide
727 792 754 845 in
771 793 878 846 litteras
894 795 1037 863 retulerat,

137 882 271 947 tamquam
293 877 364 946 apud
388 875 538 931 historicos
561 875 673 929 inventa
696 875 835 945 repetivit.
882 877 921 930 De
936 877 1038 932 latinis

136 959 344 1030 antiquissimus
360 965 402 1014 est
413 959 609 1027 Tertullianus,
623 956 795 1014 Christianus
810 958 895 1023 Afer:
913 975 966 1031 quo
983 976 1037 1016 non

135 1043 220 1098 multo
242 1043 416 1114 posteriores
440 1042 620 1113 Spartianus,
644 1041 831 1112 Lampridius,
854 1043 1036 1114 Capitolinus,

135 1115 275 1198 Vopiscus
295 1125 438 1196 Augustae
456 1127 591 1180 historiae
611 1125 779 1195 scriptores,
800 1125 824 1181 si
846 1143 900 1181 non
921 1143 1036 1198 prorsus

134 1210 328 1265 contemnendi
350 1216 429 1278 sunt,
450 1209 601 1281 Tranquilli
622 1207 766 1263 imitationi
783 1210 892 1265 debent.
939 1209 1035 1275 Quarti

133 1295 240 1349 saeculi
256 1294 410 1365 scriptores
429 1293 596 1364 Eutropius,
612 1291 641 1349 S.
658 1292 789 1347 Aurelius
806 1293 919 1362 Victor,
936 1293 1036 1350 Hiero-

133 1393 231 1446 nymus
268 1383 296 1432 et
326 1376 425 1432 l’eulus
459 1375 577 1432 Orosius
612 1381 713 1431 tantam
747 1376 853 1448 copiam
889 1377 1037 1432 verborum

134 1459 367 1516 Suetonianorum
392 1460 619 1531 descripserunt,
640 1466 670 1514 ut
691 1460 737 1514 vel
759 1461 793 1515 ad
818 1461 1036 1516 emendationem

132 1545 244 1600 illorum
273 1543 421 1598 adhibendi
449 1543 518 1606 sint;
546 1544 673 1598 Decimus
698 1543 838 1600 Ausonius
865 1545 1035 1600 hexametris

132 1632 176 1681 ter
203 1627 350 1681 duodecim
379 1625 526 1682 Caesarum
550 1627 675 1695 nomina,
704 1644 810 1698 annos,
834 1636 937 1684 mortes
961 1645 1036 1684 com-

131 1711 233 1782 plexus
257 1716 309 1765 est.

195 1791 296 1847 Omitto
310 1794 431 1863 Vergilii
447 1795 546 1849 Lucani
563 1795 701 1850 Iuvenalis
718 1803 964 1865 commentatores,
985 1797 1035 1852 sed

131 1877 187 1930 boc
205 1877 435 1946 praetereundum
454 1894 509 1932 non
525 1885 582 1946 est,
599 1885 679 1934 sexto
694 1880 807 1934 saeculo
822 1880 951 1935 Ioannem
966 1883 1034 1937 bau-

131 1958 251 2013 rentium
282 1960 384 2028 Lydum
413 1968 440 2013 et
473 1960 603 2015 loannem
632 1963 833 2018 Antiochenum
867 1965 1033 2019 laudabilem

130 2058 246 2112 operam
278 2042 405 2096 Suetonii
427 2043 492 2097 vitis
522 2044 678 2114 ceterisque
708 2046 820 2116 scriptis
854 2046 1034 2117 impendisse,

130 2125 254 2181 Graecus
272 2126 414 2190 homines;
436 2141 489 2196 quo
507 2132 631 2196 tempore
654 2128 681 2180 in
701 2127 851 2182 Occidente
874 2135 946 2184 tanta
962 2131 1035 2185 bati-

129 2225 226 2264 narum
242 2209 396 2264 litterarum
412 2209 518 2263 incuria
536 2209 707 2280 incesserat,
725 2217 754 2264 ut
769 2226 829 2264 cum
842 2213 948 2280 ingenti
964 2213 1034 2269 ulio-

129 2309 189 2347 rum
221 2294 354 2348 librorum
384 2293 520 2349 bonorum
550 2293 723 2348 multitudine
753 2294 834 2348 etiam
864 2296 1032 2352 Suetoniaua

128 2391 216 2446 opera
242 2376 376 2448 pleraque
398 2377 521 2448 perirent
547 2383 574 2431 et
593 2377 638 2431 vel
660 2378 695 2431 de
719 2377 774 2432 vita
798 2376 945 2435 Caesarum
968 2381 1033 2437 libri

128 2465 206 2528 octo,
222 2461 368 2530 dequibus
385 2461 501 2530 agimus,
518 2477 572 2516 non
589 2461 699 2515 multum
712 2462 824 2517 abesset
836 2463 900 2533 quin
918 2464 1034 2521 interci-

127 2543 237 2598 derent.

190 2627 292 2682 Unum
309 2628 491 2699 exemplar
507 2634 597 2684 tautae
613 2629 710 2684 ruinae
726 2630 873 2701 superfuit,
891 2631 975 2702 idque
990 2631 1179 2687 vi-Diversorum

126 2709 176 2764 tiis
199 2710 352 2766 minoribus
368 2711 591 2783 maioribusque,
607 2712 654 2766 lric
672 2713 731 2768 illic
746 2714 852 2782 lacunis
873 2731 982 2786 quoque
1004 2721 1032 2769 et
1040 2689 1164 2790 miii&
1165 2701 1179 2728 ¹¹

126 2793 393 2865 interpolationibus
410 2790 593 2868 foedatum⁵),
614 2796 678 2866 quin
696 2797 777 2852 etiam
795 2797 906 2868 integro
922 2803 1032 2869 quater-

198 2938 225 3002 5)
243 2939 367 3004 Exempla
391 2942 457 2992 inlra
481 2952 617 3007 ponuntur.
654 2944 691 2994 Ne
711 2945 777 2994 tituli
804 2945 904 3008 quidem
924 2945 1032 2994 vitarum

126 3009 267 3072 incorrupti
287 3022 433 3060 manserunt
456 3010 532 3074 (certe
548 3013 574 3066 O.
595 3012 751 3080 Caligula
776 3029 825 3064 nou
844 3027 932 3063 essee
954 3027 1031 3063 manu

125 3077 258 3141 scriptoris
278 3078 388 3141 constat)
410 3095 562 3144 quamquam
579 3081 657 3131 multo
681 3082 768 3146 peiora
786 3084 818 3132 ab
832 3082 970 3132 editoribus
984 3082 1029 3132 ad-

124 3144 206 3194 missa
221 3153 295 3206 suut,
321 3154 348 3195 ut
367 3148 505 3210 Caesar,
523 3149 730 3199 Octavianus
752 3159 797 3202 etc.
835 3151 950 3202 Ceterum
967 3152 1029 3200 scri-

123 3221 197 3280 ptum
221 3213 301 3265 fuisec
320 3215 419 3267 videtur
436 3218 462 3267 id
487 3219 618 3282 exemplar
638 3219 704 3268 binis
726 3220 871 3280 laterculis,
897 3220 1030 3270 versiculis

124 3281 263 3332 litterarum
282 3282 365 3334 xvur
381 3286 420 3335 vel
437 3285 506 3347 XlX,
526 3286 593 3350 quod
611 3287 715 3336 coniiclo
732 3305 746 3337 e
765 3289 819 3338 loco
837 3304 863 3355 p.
877 3288 935 3351 197,
954 3291 970 3342 5
986 3290 1029 3339 ubi

124 3363 215 3400 omues
233 3351 291 3401 libri
308 3350 412 3404 habeut:

360 3425 529 3474 maximenon
546 3425 669 3476 mediocre
686 3427 792 3476 studimn

361 3507 470 3541 maxim
487 3501 534 3544 etc.

168 3573 305 3610 surromus.
