2450 3910
142 287 205 350 234
222 299 251 347 c.
268 297 418 346 suurour
433 295 561 356 uacuo.
577 295 624 342 oa
639 296 723 343 rma
739 295 923 345 cassanum
940 297 1011 345 um.
1024 298 1103 345 vm.

101 468 133 522 21
204 454 338 514 Ordinem
353 453 429 512 vitae
446 451 520 510 hunc
538 450 602 512 fere
622 453 722 512 tenuit.
756 450 789 511 lu
814 453 979 532 principatu
1000 454 1143 514 maturius

142 557 259 617 semper
274 556 309 598 ac
325 537 361 597 de
377 543 463 595 nocte
479 535 651 611 evigilabat;
668 534 734 595 dein
754 535 895 614 perlectis
919 536 1054 616 epistolfs
1070 538 1144 598 ofli-

144 625 309 700 eiorumque
325 621 448 682 omniurn
463 618 625 698 breviariis,
646 621 756 680 amicos
772 619 948 698 admittebat,
963 639 999 680 ac
1012 620 1077 680 dum
1095 640 1144 682 sa·
1202 693 1203 696 Ἴ

142 709 262 783 lutatur,
285 715 314 766 et
336 703 477 765 calciabat
496 705 561 782 ipse
580 723 612 764 se
636 712 665 764 et
693 704 862 772 amiciebat:
891 713 1017 784 postque
1038 705 1143 767 decisa

143 808 340 871 quaecumque
363 787 550 847 obvenissent
573 791 706 865 negotia,
733 790 889 866 gestationi
911 799 940 850 et
959 788 1024 848 inde
1048 792 1168 868 quietis

142 874 274 952 vacabat,
292 872 452 934 accubante
466 872 561 950 aliqua
576 871 771 951 pallacarum,
793 891 865 951 quas
881 873 1021 933 inlocum
1038 873 1141 933 defun-

144 968 208 1019 ctae
224 956 358 1018 Caenidis
376 957 512 1036 plurimas
538 957 742 1026 constituerat;
765 975 781 1016 a
803 966 920 1016 secreto
943 958 972 1016 in
993 956 1142 1018 balineum

142 1043 351 1122 tricliniumque
368 1040 516 1102 transibat.
552 1040 616 1100 Nec
630 1039 690 1099 ullo
706 1049 838 1119 ternpore
854 1041 968 1102 facilior
983 1049 1030 1102 aut
1046 1039 1141 1102 indul·

142 1129 258 1206 gentior
274 1127 403 1202 traditur,
420 1143 512 1204 eaque
530 1133 674 1184 momenta
692 1123 843 1184 domestici
858 1124 895 1185 ad
910 1124 1017 1203 aliquid
1037 1133 1140 1204 peteu·
1202 1123 1203 1128 ’

144 1211 209 1272 dum
224 1228 403 1289 magnopere
420 1208 584 1287 captabant.
664 1271 666 1276 ,
1152 1225 1175 1266 ιο

100 1301 135 1355 22
206 1295 244 1356 Et
270 1313 357 1374 super
378 1310 496 1353 caenam
523 1301 617 1352 autem
644 1300 673 1366 et
701 1310 818 1371 semper
846 1293 918 1353 alias
948 1292 1140 1372 comissimus,

142 1381 229 1442 multa
244 1380 310 1440 ioco
327 1376 519 1454 transigebat;
542 1385 603 1437 erat
624 1377 699 1436 euim
720 1375 881 1437 dicacitatis
903 1376 1058 1455 plurimae,
1082 1380 1141 1437 etsi

143 1465 273 1527 scurrilis
289 1473 319 1523 et
334 1461 484 1538 sordidae,
508 1470 538 1521 ut
552 1480 589 1520 ue
611 1461 802 1540 praetextatis
819 1459 934 1539 quidem
953 1459 1051 1520 verbis
1071 1461 1139 1521 abs·

142 1551 255 1611 tineret.
296 1547 333 1606 Et
349 1555 442 1606 tamen
458 1545 593 1605 nonnulla
618 1546 680 1604 eius
696 1544 872 1605 facetissima
894 1553 1008 1622 extant,
1029 1547 1058 1604 iu
1076 1547 1138 1624 qui-

142 1633 196 1692 bus
211 1641 240 1692 et
254 1631 337 1692 haec.
366 1629 515 1690 blestrium
528 1628 646 1688 Florum
660 1629 852 1706 consularem,
865 1629 1025 1690 admonitus
1039 1627 1076 1688 ab
1091 1647 1139 1707 eo,
1150 1647 1175 1689 ιι

144 1716 314 1795 plaustra
325 1715 421 1793 potius
439 1730 521 1791 quam
540 1711 685 1790 plostra
697 1711 828 1791 dicenda,
842 1722 963 1791 postero
974 1713 1021 1773 dle
1033 1712 1139 1774 Flau-

143 1817 217 1860 rum
233 1797 375 1858 salutavit.
409 1795 599 1875 Expugnatus
618 1805 712 1856 autem
735 1815 751 1856 a
773 1797 908 1876 quadam,
933 1799 1014 1877 quasi
1037 1815 1139 1858 amore

144 1902 196 1943 suo
212 1882 374 1961 deperiret,
399 1898 461 1939 cum
484 1878 641 1959 perductae
665 1898 718 1958 pro
742 1881 896 1941 concubitu
918 1882 1052 1942 sestertia
1068 1899 1138 1960 qua-

144 1967 294 2044 dringenta
308 1964 453 2042 donasset,
467 1965 638 2025 admonente
651 1965 863 2043 dispensatore,
876 1965 1139 2045 quemadmodum

144 2068 278 2111 summam
293 2048 450 2111 rationibus
468 2049 560 2109 vellet
575 2049 685 2127 inferri,
707 2046 912 2128 Vespasiano,
929 2051 1036 2128 iuquit,
1055 2049 1137 2111 ado·
1148 2078 1174 2117 ιο

101 2143 234 2200 carnoto.
263 2134 405 2196 Utebatur
421 2143 450 2193 et
470 2133 603 2193 versibus
619 2132 738 2193 Graecis
759 2135 935 2214 tempestive
955 2133 1025 2194 satis
1047 2143 1078 2194 et
1100 2134 1138 2195 de

144 2219 266 2301 quodam
282 2236 423 2297 procerae
436 2226 560 2278 staturae
572 2216 788 2296 improbiusque
800 2227 884 2278 nato:

260 2291 371 2382 μακρὰ
379 2293 488 2382 βιβάς,
506 2296 663 2380 κραδάων
678 2293 888 2379 δολιχόσκιον
910 2301 1018 2380 ἔγχος·

143 2387 221 2448 etde
238 2385 343 2447 Cerulo
356 2386 473 2463 liberto,
492 2387 540 2464 qui
559 2385 640 2445 dives
655 2384 805 2446 admodum
817 2385 855 2445 ob
871 2384 1139 2462 subterfugiendum

144 2469 316 2549 quandoque
332 2471 376 2530 ius
390 2471 453 2530 fisci
467 2470 619 2546 ingenuum
636 2487 668 2528 se
686 2478 715 2528 et
729 2468 883 2529 Lachetem
899 2476 1005 2529 mutato
1019 2471 1138 2530 nomine
1148 2494 1174 2535 aa

143 2561 284 2632 coeperat
296 2553 390 2614 ferre:
671 2618 684 2648 ³
743 2628 751 2650 Ι
892 2628 901 2650 Ι

657 2657 683 2696 ω
698 2637 826 2716 Awana,
848 2637 975 2715 Λακιο,

300 2709 384 2781 ἐπὰν
400 2707 592 2801 ἀποθάνῃς,
615 2701 715 2792 αὖθις
734 2715 767 2794 ἐξ
790 2711 891 2802 ἀρχῆς
905 2719 973 2782 ἔσει
1030 2781 1034 2790 ,

294 2795 459 2884 Κήρυλος.

141 2891 264 2952 llarime
278 2897 371 2948 tamen
382 2887 561 2948 dicacitatem
575 2886 737 2948 adfectabat
748 2889 776 2947 iu
791 2888 967 2949 deformibus
981 2889 1087 2966 lucris,
1106 2900 1176 2956 uteo

141 2973 273 3034 invidiam
284 2973 379 3052 aliqua
397 2970 580 3032 cavillatione
597 2971 719 3032 dilueret
743 2971 971 3053 transferretque
989 2972 1026 3034 ad
1046 2973 1137 3034 sales.

202 3056 350 3133 Quendam
370 3057 477 3117 ecaris
493 3056 629 3116 ministris
652 3055 895 3136 dispensationem
918 3057 1029 3118 cuidam
1052 3061 1137 3136 quasi

142 3143 223 3203 fratri
241 3150 387 3221 petentem
405 3158 467 3200 cum
484 3139 658 3217 distulisset,
678 3143 771 3219 ipsum
785 3140 965 3202 candidatum
980 3141 1016 3202 ad
1031 3160 1064 3201 se
1081 3159 1135 3203 vo·

144 3227 233 3294 cavit;
251 3233 411 3303 exactaque
427 3226 566 3304 pecunia,
587 3227 719 3302 quautam
733 3226 757 3284 is
780 3243 843 3285 cum
865 3226 1059 3304 suffragatore
1079 3245 1136 3288 suo
1202 3291 1203 3296 ,

143 3311 312 3384 pepigerat,
332 3309 394 3368 siue
416 3325 496 3369 mora
519 3307 677 3375 ordinarit:
698 3309 894 3388 interpellanti
913 3328 982 3371 mox
1002 3311 1173 3372 ministroea

144 3385 245 3448 Aliam
260 3389 330 3468 tibi,
347 3392 403 3468 ait,
420 3409 535 3471 qaaere
554 3391 707 3469 froben,-
727 3391 795 3470 bic,
820 3411 907 3472 poem
925 3400 1008 3455 ιιιοιιιο
1025 3401 1135 3473 potos,

143 3489 227 3531 mecca
243 3479 295 3532 eat.
327 3473 483 3534 blulionem
499 3475 526 3534 in
541 3477 644 3534 itinere
659 3477 781 3554 quodam
802 3479 964 3556 suspicatus
988 3477 1024 3538 ad
1046 3479 1136 3540 calci-

144 3552 233 3614 andas
248 3552 337 3614 mulas
354 3556 517 3634 desiluisse,
533 3567 563 3616 ut
579 3556 692 3619 adeunti
707 3561 844 3638 litigatori
867 3563 989 3641 spatium
1004 3579 1138 3624 moram·
