2466 3896
488 214 516 262 o.
542 213 725 264 euersum.
1042 201 1101 263 125

8 359 9 362 ¹
115 375 284 447 tempestate
312 365 438 444 turbida,
475 385 531 446 quo
558 370 649 446 magis
676 371 768 448 pietas
798 369 950 445 emineret,
977 369 1101 448 adiitque
1132 383 1133 387 ’

115 449 331 512 venerabundus
351 468 387 510 ac
412 468 466 530 per
487 461 578 511 semet
602 454 630 511 iu
651 471 736 512 urnas
759 451 898 521 condidit;
918 469 973 511 uec
993 454 1103 513 minore

113 552 220 598 scaena
238 532 360 611 Ostiam,
380 535 509 613 praefixo
530 537 558 594 in
578 535 695 596 biremis
716 555 814 617 puppe
833 535 956 613 vexillo,
983 545 1011 596 et
1036 536 1102 597 iude

8 621 10 700 l
112 621 232 681 Romam
261 616 358 678 Tiberi
391 618 562 696 subvectos,
598 639 651 698 per
676 619 932 699 splendidissimum
961 637 1102 700 quemque

8 701 9 736 r
86 703 256 782 sequestris
286 701 392 761 ordinis
417 702 510 762 medio
536 721 570 763 ac
600 704 741 782 frequenti
770 704 815 763 die
846 703 955 762 duobus
984 705 1102 764 ferculis

113 785 261 848 lllausoleo
285 785 392 863 intulit,
414 787 587 865 inferiasque
609 788 633 846 is
654 804 744 846 annua
764 785 905 864 religione
925 786 1040 865 publice
1061 789 1102 846 iu·

114 871 217 947 stituit,
236 878 265 929 et
287 886 324 928 eo
339 869 460 948 amplius
479 873 561 929 matri
583 868 736 931 Circenses
756 878 977 950 carpentumque
995 890 1051 951 quo
1073 872 1102 929 in

8 979 9 992 ¹
113 971 218 1034 pompa
248 952 458 1023 traduceretur;
492 963 521 1014 at
548 956 576 1013 iu
598 954 761 1013 memoriam
787 954 876 1033 patris
905 955 1102 1032 Septembrem

113 1055 240 1098 mensem
261 1035 456 1098 Germanicum
474 1037 639 1116 appellavit.
670 1037 739 1097 Post
761 1036 833 1097 baec
851 1036 1101 1115 Antoniae‘aviae,

78 1136 105 1178 m
115 1119 248 1201 quidquid
262 1138 393 1198 umquam
407 1121 486 1181 Livia
503 1120 633 1199 Augusta
653 1120 792 1181 bonorum
814 1123 955 1199 cepisset,
978 1138 1034 1180 uno
1057 1139 1102 1180 se-

113 1215 194 1266 natus
216 1203 346 1263 consulto
364 1206 527 1281 congessit;
551 1215 679 1283 patruum
695 1203 852 1280 Claudium,
873 1204 998 1282 equitem
1015 1204 1050 1264 R.
1068 1202 1103 1263 ad

112 1288 142 1349 id
161 1298 288 1366 tempus,
312 1286 455 1363 collegam
480 1288 534 1347 sibi
562 1290 590 1346 iu
616 1288 764 1348 consulatu
791 1289 958 1366 assumpsit;
986 1287 1103 1347 fratrem

113 1373 258 1434 Tiberium
275 1370 320 1430 die
334 1371 425 1429 virilis
446 1380 534 1448 togae
554 1370 699 1450 adoptavit
713 1371 926 1451 appellavitque
942 1372 1101 1449 principem

8 1479 10 1502 r
112 1457 281 1524 iuventutis;
300 1452 336 1513 de
354 1454 503 1514 sororibus
525 1464 624 1515 auctor
635 1456 703 1533 fuit,
725 1465 755 1515 ut
770 1455 900 1516 omuibus
917 1455 1103 1514 sacramentis

76 1537 291 1613 raadiceretur:
322 1555 418 1616 oeque
440 1556 488 1598 me
516 1537 688 1618 liberosque
711 1557 795 1600 meos
821 1539 961 1600 cariores
982 1535 1102 1598 bobebo

114 1638 206 1702 quom
234 1619 343 1680 Gaium
369 1619 467 1683 bobes
496 1629 525 1682 et
546 1641 671 1684 sorores
702 1623 788 1695 cios,·
821 1625 888 1683 item
917 1621 1103 1683 relationibus

8 1741 9 1764 2
115 1703 277 1765 consulum:
306 1705 388 1783 quod
416 1703 526 1767 bouem
549 1706 687 1788 setisque
713 1707 754 1767 sit
776 1705 810 1768 C.
832 1705 965 1768 Caesari
984 1705 1100 1767 sorori-

8 1783 11 1840 ἰ
115 1787 229 1866 busque
249 1789 323 1848 eius.

176 1871 240 1932 Pari
261 1871 453 1950 popularitate
479 1873 625 1934 damnatos
652 1875 856 1954 relegatosque
882 1875 1018 1942 restituit;
1049 1874 1101 1931 cri·

76 1956 228 2031 zomiuum,
243 1956 266 2013 si
282 1973 354 2033 quae
370 1956 483 2016 residua
498 1976 536 2016 ex
549 1959 646 2036 priore
660 1967 789 2036 tempore
804 1957 963 2034 manebant,
981 1959 1103 2015 omnium

114 2041 233 2114 gratiam
257 2037 341 2106 lecit;
363 2041 581 2099 commentarios
607 2039 642 2100 ad
666 2041 762 2100 matris
791 2041 966 2118 fratrumque
988 2056 1103 2098 suorum

115 2139 216 2180 causas
237 2121 419 2200 pertinentis,
439 2139 474 2180 ne
496 2124 540 2181 cui
554 2123 734 2202 postmodum
748 2122 870 2182 delatori
890 2132 937 2183 aut
958 2122 1024 2180 testi
1046 2139 1102 2181 ma·

113 2209 197 2264 neret
212 2203 286 2264 ullus
308 2212 416 2281 metus,
440 2215 598 2268 convectos
620 2208 648 2264 in
666 2206 775 2282 forum,
798 2215 827 2265 et
845 2215 910 2266 aute
928 2204 1006 2265 clare
1022 2203 1102 2263 obte-

115 2297 204 2348 status
227 2286 297 2348 deos
320 2307 414 2367 neque
436 2290 545 2366 legisse
572 2307 666 2368 neque
692 2291 822 2366 attigisse
842 2291 1007 2368 quicquam,
1035 2304 1102 2347 cou-

78 2373 265 2440 etcremarit;
286 2371 414 2432 libellum
429 2373 465 2433 de
487 2374 578 2433 salute
597 2392 646 2432 sua
668 2372 792 2434 oblatum
813 2391 871 2433 non
885 2374 1012 2452 recepit,
1035 2389 1102 2431 con·

113 2456 249 2532 tendens,
270 2454 347 2516 nibil
359 2455 421 2517 sibi
440 2455 607 2517 admissum
631 2475 687 2517 cur
710 2456 852 2537 cuiquam
874 2455 992 2517 moises
1012 2462 1101 2532 esset,

113 2540 285 2618 negavitque
312 2558 345 2599 se
369 2540 544 2600 delatoribus
566 2557 650 2601 aures
680 2539 797 2600 babere.
837 2541 992 2602 Psiutbrias
1022 2542 1144 2600 mou-16

113 2631 269 2682 strosarum
287 2621 444 2701 libidinum,
463 2642 552 2702 aegre
568 2642 605 2683 ue
627 2624 769 2702 profundo
788 2634 934 2702 mergeret
954 2633 1100 2700 exoratus,

114 2705 185 2765 urbe
207 2705 357 2765 submovit.
396 2707 452 2768 'liti
470 2707 601 2783 Labieni,
621 2705 708 2768 Cordi
728 2707 868 2786 Cremuti,
892 2706 973 2769 Cassi
998 2708 1101 2767 Severi

79 2791 237 2868 suscripta,
258 2798 372 2850 senatus
398 2791 535 2850 consultis
563 2790 683 2868 abolita,
703 2794 809 2871 requiri
831 2800 860 2851 et
881 2810 946 2851 esse
967 2793 997 2850 iu
1015 2790 1101 2849 maui-

113 2872 168 2933 bus
187 2872 366 2951 lectitarique
388 2875 532 2952 permisit,
560 2874 683 2954 quondo
706 2875 840 2936 maxime
860 2892 920 2935 suo
943 2874 1103 2934 interesset

114 2963 147 3016 ot
166 2956 257 3034 sucta
276 2973 414 3036 quaeque
436 2958 571 3036 posteris
596 2958 771 3018 medentur.
815 2959 953 3019 Rationes
980 2958 1101 3036 imperii,

8 3051 10 3064 ¹
115 3039 150 3098 ab
167 3038 299 3118 Augusto
314 3042 439 3119 proponi
460 3041 560 3102 solitas
575 3051 619 3101 set
633 3060 649 3101 a
663 3041 780 3102 'liberio
798 3043 988 3118 intermissas,
1011 3039 1101 3118 publi·

116 3123 200 3184 cavit.
234 3123 446 3201 Magistratibus
468 3124 586 3185 liberam
606 3126 673 3184 iuris
693 3124 845 3185 dictionem
866 3133 895 3184 et
912 3126 972 3184 sine
996 3125 1037 3183 sui
1052 3142 1102 3203 ap-

81 3206 273 3284 sspellatioue
299 3209 453 3269 concessit.
490 3208 610 3287 Equites
634 3209 670 3269 R.
697 3227 801 3268 severe
833 3210 1019 3286 curioseque,
1046 3225 1102 3266 nec

116 3292 178 3350 siue
193 3290 404 3368 moderatione,
423 3294 612 3369 recognovit,
637 3292 730 3370 palam
751 3291 885 3371 adempto
907 3309 981 3370 equo
1000 3291 1101 3371 quibus

8 3379 11 3452 ζ
115 3383 164 3435 aut
177 3373 277 3453 probri
291 3374 395 3454 aliquid
413 3384 459 3435 aut
477 3377 648 3452 ignominiae
668 3377 792 3452 inesset,
815 3394 912 3435 eorum
930 3377 977 3455 qui
991 3378 1101 3436 minore

9 3456 12 3466 ’
117 3456 201 3537 culpa
222 3467 385 3520 tenerentur
408 3459 567 3519 nominibus
590 3459 676 3520 modo
696 3463 724 3520 iu
740 3461 909 3522 recitatione
929 3459 1101 3540 praeteritIs.
