2466 3896
148 187 206 248 154
251 198 281 246 o.
297 197 447 246 sussum
465 197 591 256 ranno.
609 197 657 242 ou
673 195 755 244 vrrs
770 196 954 246 cassanum
968 199 1039 247 uis.
1055 200 1089 248 v.

145 354 245 414 aedem
260 353 436 413 adoraretur.
483 351 727 430 conspiraverunt
742 360 835 412 autern
850 351 886 412 ad
900 371 949 412 res
964 369 1056 413 novas
1073 354 1142 416 Gal-

144 439 189 498 lus
204 437 320 496 Asinius
339 446 367 496 et
382 436 508 496 Statilius
525 434 683 513 Corvinus,
702 435 841 497 Pollionis
861 455 896 497 ao
910 437 1054 498 Messalae
1074 457 1141 499 ora·

145 531 237 592 torum
257 529 397 598 nepotes,
420 522 571 599 assumptis
594 520 788 599 compluribus
809 519 920 580 libertis
940 523 1030 600 ipsius
1051 531 1142 602 atque

18 627 50 686 t:
96 627 116 672 a
145 606 247 664 servis.
289 603 399 664 Bellum
421 604 507 664 civile
528 607 617 663 movit
638 603 739 664 Furius
762 601 897 664 Camillus
920 605 1141 683 Scribonianus,

143 688 301 748 Delmatiae
317 687 444 765 legatus;
460 706 558 748 verum
573 689 646 748 intra
663 691 788 767 quintum
804 687 879 747 diem
901 705 1063 769 oppressus
1082 699 1167 767 est,s

143 771 323 849 legionibus,
344 790 417 851 quae
439 780 646 832 sacramentum
668 781 861 849 mutaverant,
883 773 912 832 in
935 775 1141 851 paenitentiam

143 856 286 933 religione
303 857 469 933 conversis,
484 864 644 937 postquam,
664 855 828 916 denuntiato
841 856 878 916 ad
893 875 998 918 novum
1012 859 1139 936 impera-

143 950 235 1001 torem
252 942 365 1018 itinere,
383 957 451 1000 casu
467 940 589 1018 quodam
605 959 639 1000 ac
654 939 786 999 divinitus
800 958 895 1019 neque
911 941 1024 1019 aquilae
1039 943 1140 1002 ornari

141 1043 236 1104 neque
252 1027 334 1102 signa
349 1023 475 1085 convelli
490 1026 658 1103 moverique
674 1033 837 1101 potuerunt.

103 1119 134 1172 rt
204 1107 375 1170 Consulatus
387 1126 475 1187 super
486 1109 633 1186 pristinum
648 1116 780 1185 quattuor
793 1109 898 1184 gessit;
914 1109 1066 1187 exquibus
1079 1109 1137 1170 duo
1151 1126 1174 1166 to

14 1221 70 1271 Μ
92 1205 124 1274 7?
141 1194 250 1273 primos
264 1195 394 1268 iunctim,
422 1194 570 1270 sequentis
590 1210 644 1270 per
659 1191 852 1269 intervallum,
874 1201 975 1271 quarto
991 1211 1138 1271 quemque

48 1263 80 1346 η’
109 1273 112 1283 '
141 1294 231 1353 anno,
257 1285 444 1336 semenstrem
462 1276 662 1351 novissimum,
687 1275 851 1335 bimenstris
869 1285 997 1353 ceteros,
1020 1279 1137 1336 tertium

139 1371 247 1437 autem,
274 1378 350 1421 novo
374 1361 451 1420 circa
475 1361 635 1439 principem
656 1360 807 1438 exemplo,
837 1361 865 1418 in
885 1359 980 1420 locrun
993 1359 1135 1420 demortui

140 1445 287 1506 suffectus.
306 1442 354 1504 lus
369 1451 398 1502 et
410 1443 511 1502 consul
527 1452 555 1502 et
568 1453 649 1504 extra
659 1443 799 1505 honorem
811 1443 1036 1504 laboriosissime
1053 1444 1134 1521 dixit,

140 1533 224 1590 etiarn
239 1531 298 1586 suis
313 1545 485 1604 suorumque
502 1526 602 1586 diebus
616 1527 816 1605 sollemnibus,
831 1545 1040 1605 nonnumquam
1051 1529 1134 1588 iestis
1146 1551 1170 1592 us

140 1629 255 1692 quoque
270 1612 423 1690 antiquitus
435 1619 463 1669 et
474 1609 629 1688 religiosis.
643 1610 707 1670 Nec
719 1630 834 1690 semper
845 1615 1025 1692 praescripta
1037 1612 1135 1690 legum

140 1704 272 1770 secutus,
302 1693 431 1754 duritiam
451 1693 634 1754 lenitatemue
653 1695 801 1755 multarum
824 1714 862 1754 ex
880 1695 957 1756 bono
978 1705 1008 1755 et
1027 1714 1133 1775 aequo,

140 1778 260 1858 perinde
280 1787 310 1837 ut
331 1777 518 1854 adficeretur,
541 1778 706 1839 moderatus
721 1789 779 1850 est;
801 1762 864 1844 itii
880 1789 908 1838 et
922 1778 972 1857 iis,
995 1782 1043 1859 qui
1058 1779 1135 1858 apud

65 1864 269 1944 ·3„‹privatos
286 1861 396 1922 iudices
414 1861 478 1940 plus
498 1862 623 1943 petendo
645 1863 767 1945 formula
791 1863 983 1941 excidissent,
1009 1865 1133 1924 restituit
1221 1887 1222 1919 t

138 1948 283 2023 actiones,
306 1955 334 2007 et
353 1949 382 2006 in
396 1948 506 2006 maiore
522 1947 621 2008 iraude
647 1949 810 2025 convictos,
832 1947 984 2024 legitimam
1008 1965 1132 2026 poenam
1143 1970 1168 2011 ao

63 2057 83 2080 *-
96 2041 128 2094 15
137 2049 347 2112 supergressus
363 2031 398 2092 ad
413 2029 521 2090 bestias
539 2032 745 2092 condemnarit.
766 2032 798 2092 ln
814 2031 1020 2109 cognoscendo
1037 2041 1132 2092 autem

137 2136 170 2178 ac
188 2116 372 2177 decernendo
386 2116 458 2174 mira
472 2117 610 2176 varietate
622 2117 705 2177 animi
721 2116 788 2193 luit,
807 2115 892 2176 modo
906 2118 1132 2195 circumspectus

136 2210 165 2261 et
185 2219 294 2277 sagax,
316 2200 455 2260 interdum
476 2201 654 2260 inconsultus
679 2219 713 2261 ac
736 2218 896 2280 praeceps,
921 2217 1132 2278 nonnumquam

11 2337 15 2358 Ἴ.
28 2301 52 2350 rt
70 2311 100 2354 ιι
136 2285 257 2344 frivolus
275 2286 435 2361 amentique
450 2283 560 2343 similis.
589 2282 659 2344 Cum
675 2283 807 2344 decurias
821 2302 917 2343 rerum
941 2293 1007 2364 actu
1022 2301 1132 2362 expuu-

135 2376 235 2444 geret,
255 2384 332 2443 eum,
347 2369 393 2444 qui
415 2366 587 2428 dissimulata
602 2370 753 2429 vacatione
769 2386 852 2447 quam
868 2367 1010 2428 beneficio
1022 2365 1130 2429 libero·
1141 2377 1168 2416 ²⁵
1219 2377 1220 2425 l

135 2468 196 2509 rum
211 2448 337 2510 habebat
349 2451 555 2529 responderat,
571 2461 600 2512 ut
612 2453 743 2531 cupidum
755 2451 897 2512 iudicandi
912 2451 1030 2522 dimisit;
1046 2451 1132 2512 alium

135 2531 347 2612 interpellatum
373 2533 409 2592 ab
429 2534 601 2596 adversariis
625 2535 660 2596 de
682 2537 799 2616 propria
820 2536 885 2613 lite,
918 2545 1132 2614 negantemque
1218 2579 1219 2638 ,

136 2617 312 2696 cognitionis
327 2635 402 2695 rem,
428 2618 479 2678 sed
495 2619 619 2680 ordinari
639 2622 708 2681 iuris
723 2639 804 2698 csse,
828 2638 918 2698 agere
933 2639 1047 2681 oausam
1062 2638 1131 2679 con·
1218 2663 1219 2677 ,

134 2702 229 2762 testim
248 2700 323 2779 apud
338 2720 370 2760 se
393 2704 505 2780 coegit,
524 2705 656 2782 proprio
675 2705 796 2784 nepotis
817 2704 1025 2766 documentum
1040 2703 1130 2764 dutu-

133 2805 217 2861 rum,
235 2802 327 2864 quam
345 2803 461 2866 aequus
475 2785 570 2848 iudea
584 2789 616 2848 io
636 2788 736 2851 alieno
754 2789 875 2868 caputio
894 2787 1019 2867 futuros
1037 2796 1127 2848 esset.
1140 2815 1169 2856 ω
1217 2805 1218 2814 ³

133 2869 278 2930 Feminam
293 2887 352 2929 non
363 2881 570 2948 agnoscentem
585 2874 671 2933 filium
688 2892 783 2950 suum,
797 2872 881 2932 dubia
892 2875 1031 2951 utrimque
1045 2889 1130 2948 argu-

133 2963 291 3014 mentorum
307 2952 380 3031 lude,
397 2954 432 3014 ad
449 2955 660 3018 confessionem
675 2957 811 3038 compulit
827 2956 935 3016 indicto
951 2959 1130 3016 matrimonio

134 3039 253 3097 iuvenis
281 3035 471 3099 'Absentibus
497 3041 651 3101 secundum
676 3050 845 3122 praesentes
873 3041 1008 3101 facillime
1032 3039 1129 3117 dabat,

133 3120 212 3180 nullo
229 3119 361 3199 delectu,
386 3122 508 3201 culpane
523 3126 586 3204 quis
603 3144 637 3186 an
660 3126 754 3206 aliqua
771 3127 949 3185 necessitate
972 3133 1129 3184 cessasset.

133 3201 332 3265 Proclamante
345 3206 480 3286 quodam,
493 3209 700 3286 praecidendas
709 3210 827 3272 falsario
836 3227 951 3286 manus,
965 3209 1128 3268 carnificem
1139 3229 1168 3272 ss

135 3287 228 3342 statim
254 3289 342 3348 acciri
371 3309 434 3350 cum
456 3291 607 3355 machaera
636 3313 792 3374 mensaque
823 3293 949 3354 lanionia
972 3292 1128 3369 flagitarit.

139 3363 354 3442 Peregriuitatis
374 3392 468 3452 reum,
499 3384 561 3436 orta
579 3378 653 3438 inter
673 3379 832 3440 advocatos
853 3377 911 3436 levi
934 3378 1129 3454 contentione,

133 3457 298 3552 totqgumne
311 3471 346 3514 an
357 3457 510 3536 palleatum
524 3458 622 3522 dicere
636 3480 748 3525 causam
762 3468 925 3541 oporteret,
937 3461 1019 3539 quasi
1030 3463 1130 3539 aequi-
