2468 3912
500 131 583 191 Μ’·
611 145 662 202 Ἠ
693 161 783 214 ms,
804 137 841 276 ,Ad
855 135 948 220 filis,
972 131 1012 218 tp,
1030 137 1125 222 tiqui(
1138 115 1228 220 adca.

258 717 301 799 c.
334 720 571 803 auduom
599 723 937 814 Tannetum

124 899 240 1000 DE
292 902 523 1002 VITA
579 903 1089 1016 CAESARUM

514 1077 651 1145 LIBER
669 1082 697 1147 I.

408 1240 574 1312 nrvus
609 1242 832 1334 ramus„
929 1337 931 1345 A

3 1451 43 1517 j
542 1397 676 1434 *ab*

178 1536 322 1588 Suetonius
337 1538 377 1585 ait
393 1537 421 1585 in
432 1537 492 1587 vita
504 1537 646 1602 Caesaris,
664 1557 796 1607 responsu
807 1556 866 1594 esse
882 1541 947 1592 data
959 1559 1007 1608 per
1019 1547 1106 1594 toturn

106 1619 215 1682 orbem,
230 1620 308 1668 nasci
320 1619 454 1670 invictum
467 1621 667 1686 imperatorem.

576 1724 689 1782 Seruius
704 1727 743 1782 ad
766 1726 845 1798 Vera.
864 1727 932 1782 Aen.
949 1731 980 1791 6,
1002 1730 1064 1784 799.

1 1977 3 2055 q
542 1915 675 1950 aaa

173 2107 286 2164 Annum
309 2123 401 2182 agens
416 2115 527 2166 sextum
548 2106 687 2168 decimum
704 2117 813 2186 patrem
829 2107 936 2174 amisit;
963 2105 1133 2184 sequenti-l
1152 2112 1191 2156 ‘7³

109 2190 224 2268 busque
240 2188 406 2249 consulibus
417 2190 519 2250 llamen
534 2190 624 2250 Dialis
640 2191 814 2267 destinatus,
831 2190 945 2252 dirnissa
962 2189 1105 2266 Cossutia,
1148 2205 1158 2254 t·
1179 2199 1190 2247 Ξ

1 2274 58 2348 »Ι
76 2293 101 2334 ro
111 2289 187 2352 quae
203 2273 308 2333 lamilia
321 2276 447 2352 equestri
463 2273 514 2333 sed
530 2274 680 2336 admodum
692 2275 773 2335 dives
786 2282 965 2353 praetextato
981 2273 1105 2353 despon·
1141 2294 1148 2332 ε
1172 2281 1180 2322 t

111 2366 174 2416 sata
194 2357 304 2432 iuerat,
329 2357 492 2418 Corneliam
515 2357 623 2419 Cinnae
645 2369 747 2438 quater
768 2357 894 2418 consulis
919 2358 1005 2417 liliam
1026 2359 1107 2418 duxit
1147 2367 1156 2387 ·’
1177 2375 1189 2384 ··

111 2457 249 2515 uxorem,
271 2458 309 2500 err
324 2459 379 2520 qua
394 2442 435 2500 illi
454 2459 523 2503 mox
537 2442 608 2503 lulia
623 2453 688 2503 nata
706 2452 763 2511 cst:
788 2459 882 2520 neque
898 2449 927 2501 ut
941 2443 1107 2522 repudiaret
1140 2447 1182 2500 t?

112 2524 249 2602 compelli
265 2543 282 2584 a
297 2524 437 2586 dictatore
452 2526 531 2586 Sulla
551 2526 709 2586 ullomodo
725 2527 825 2604 potuit.
854 2525 950 2600 Quare
966 2535 995 2585 et
1009 2545 1105 2587 sacer·
1134 2533 1170 2574 π’

112 2608 192 2668 dotio
206 2617 233 2666 et
246 2610 345 2667 uxoris
357 2609 423 2669 dote
436 2617 464 2668 et
475 2611 619 2687 gentilicis
632 2609 837 2674 hereditatibus
849 2611 997 2686 multatus,
1011 2611 1105 2670 diver·
1129 2667 1134 2674 ,
1161 2621 1170 2639 ”

79 2713 103 2752 rs
112 2710 207 2752 sarum
220 2693 339 2770 partium
354 2693 522 2770 habebatur,
535 2703 563 2752 ut
577 2695 660 2754 etiarn
672 2694 823 2753 discedere
833 2712 850 2753 e
861 2693 956 2752 medio
969 2703 998 2752 et
1010 2711 1105 2771 quam-
1137 2718 1138 2725 *
1165 2711 1174 2734 ==

113 2793 197 2856 quarn
212 2775 314 2836 morbo
332 2787 486 2854 quartanae
502 2778 675 2855 adgravante
690 2795 784 2858 prope
799 2796 852 2857 per
864 2776 992 2854 singulas
1004 2785 1106 2838 noctes
1137 2795 1145 2838 ε·

114 2868 288 2920 commutare
309 2860 435 2920 latebras
453 2869 624 2938 cogeretur,
647 2881 737 2940 seque
758 2862 793 2922 ab
818 2859 1033 2941 inquisitoribus
1056 2877 1106 2938 pe·
1141 2879 1143 2887 ·

115 2945 196 3003 cunia
218 2943 386 3014 redimeret;
404 2945 499 3005 donec
522 2963 574 3023 per
593 2945 720 3021 virgines
742 2947 895 3022 Vestales,
916 2962 1027 3024 perque
1047 2943 1106 3004 lla-
1139 2959 1181 3014 ἰή,

5 2977 39 3078 i!
114 3045 239 3087 mercum
253 3027 405 3088 Aemilium
422 3028 611 3088 etAureliurn
629 3028 741 3089 Cottam
757 3031 982 3109 propinquoset
997 3028 1106 3088 adfines
1143 3049 1186 3110 ‘5⁴

81 3129 183 3171 nenos
198 3115 309 3172 veniam
326 3115 497 3193 impetravit.
524 3114 599 3172 Satis
611 3122 722 3172 constat
738 3113 860 3189 Sullam,
874 3131 936 3173 euru
948 3112 1106 3191 deprecari·
1148 3137 1158 3166 :.

115 3194 189 3254 tibus
212 3197 390 3258 amicissimis
416 3205 444 3258 et
464 3197 650 3257 ornatissimis
664 3197 734 3256 viris
754 3196 916 3275 aliquandiu
932 3197 1107 3275 denegasset

116 3287 200 3358 atque
213 3281 254 3339 illi
270 3281 454 3360 pertinaciter
466 3281 691 3356 contenderent,
707 3289 901 3358 expugnatum
914 3280 1028 3340 tandem
1041 3297 1106 3360 pro·
1173 3301 1177 3308 ·

116 3361 272 3440 clamasse,
296 3366 359 3425 sive
383 3366 516 3425 divinitus
538 3365 600 3424 sive
622 3365 716 3444 aliqua
745 3367 926 3442 coniectura,
953 3365 1107 3425 vincerent
1146 3383 1149 3391 ¹
1168 3393 1185 3412 1·

7 3509 18 3527 ,
116 3461 153 3506 ac
165 3447 226 3508 etot
240 3446 402 3525 baberent,
419 3447 490 3508 dum
499 3448 589 3509 modo
603 3449 716 3508 scirent
730 3465 811 3524 com,
829 3467 914 3529 quem
928 3449 1106 3510 incolumem
1138 3485 1152 3499 .,
1177 3476 1180 3487 ν

115 3534 198 3592 ‘alim
226 3549 319 3610 ⁰W‘
345 3540 505 3612 mimis
535 3533 721 3634 quandoque
736 3532 1106 3679 optimatbrqcscrtt'bue,
