2450 3910
520 299 640 348 mm
1029 287 1087 347 m

94 456 210 533 saepius
227 453 347 514 canendi
364 454 481 513 occasio
499 462 587 512 esset.
633 453 716 528 Quod
732 473 794 513 curn
810 454 919 513 tardum
932 453 1087 531 videretur,

93 556 151 599 non
174 539 299 597 cessavit
324 536 477 597 identidem
502 556 535 596 se
563 536 720 615 publicare.
770 537 916 598 Dubitavit
945 540 1028 597 etiam
1054 555 1089 597 an

6 627 14 636 ”
95 623 214 702 privans
228 621 402 701 spectaculis
415 638 534 701 operam
540 623 613 680 inter
622 623 755 681 scenicos
768 623 859 698 daret,
875 622 996 700 quodam
1005 640 1088 700 prae·

94 718 186 767 torum
200 705 362 764 sestertium
378 704 475 765 decies
492 705 642 764 offerente.
687 703 866 784 Tragoedias
886 723 1001 785 quoque
1022 724 1087 767 can·

73 793 166 851 stavit
182 799 365 869 personatus,
382 790 502 848 heroum
520 788 695 868 deorumque
712 793 780 849 item
795 790 943 850 heroidum
966 808 1001 850 ae
1022 790 1088 850 dea·

94 892 155 934 rum
180 875 313 953 personis
334 873 447 932 effectis
467 873 502 933 ad
524 874 732 934 similitudinem
753 877 811 935 oris
834 877 877 933 soi
900 883 928 932 et
953 875 1086 950 feminae,

94 969 180 1039 prout
194 976 334 1037 quamque
350 956 494 1034 diligeret,
524 956 603 1017 lnter
618 967 716 1018 cetera
733 960 858 1019 cantavit
873 956 1007 1017 Canacen
1023 975 1086 1036 par-

95 1044 256 1118 turientem,
275 1042 398 1102 Oresten
415 1042 591 1102 matricidam
594 1041 795 1120 ,Oedipodem
808 1049 1004 1116 excaecatum,
1015 1041 1086 1100 ller-

96 1127 212 1187 culem
204 1144 339 1186 insanum.
383 1124 419 1193 ln
431 1144 485 1204 qua
501 1125 685 1186 iabulaiama
704 1135 758 1202 est,
782 1125 950 1185 tirunculum
972 1125 1088 1183 militem

63 1235 86 1276 ιο
94 1213 218 1292 positum
233 1209 268 1270 ad
283 1209 439 1269 custodiam
456 1209 558 1286 aditus,
576 1227 639 1268 cum
652 1228 716 1270 eum
732 1213 827 1270 ornari
844 1229 877 1269 ac
894 1211 994 1268 vinciri
1012 1215 1087 1267 cate-

73 1297 148 1370 nis,
163 1296 236 1354 siout
247 1302 442 1370 argumentum
454 1292 627 1371 postulabat,
641 1293 763 1370 rideret,
777 1294 939 1354 accurrisse
952 1290 1088 1351 ferendae
1133 1349 1134 1354 ,

96 1381 160 1441 ois
177 1379 277 1454 gratia.

113 1398 133 1459 p
154 1462 298 1540 Equorum
312 1459 405 1519 studio
420 1460 468 1520 vel
483 1461 640 1540 praecipue
656 1460 690 1521 ab
706 1463 820 1536 ineunte
837 1470 930 1522 aetate
943 1460 1086 1536 flagravit,
1096 1468 1130 1520 aa

6 1571 7 1584 ι
95 1547 288 1627 plurimusque
304 1544 346 1603 illi
361 1561 465 1621 sermo,
488 1563 656 1625 quamquam
676 1555 832 1624 vetaretur,
854 1545 889 1604 de
912 1542 1088 1605 circensibus

63 1639 171 1699 iseram
189 1638 218 1687 et
235 1628 376 1706 qnondam
397 1636 515 1688 tractum
537 1626 681 1774 prasinppl
704 1631 874 1708 agitatorem
895 1630 970 1688 inter
991 1627 1088 1688 eondi-
1114 1639 1130 1688 ι

95 1712 223 1792 scipulos
241 1730 381 1791 querens,
400 1713 569 1790 obiurgante
592 1733 648 1794 pae
669 1732 783 1793 agogo,
799 1714 835 1774 de
849 1713 975 1794 Hectore
992 1731 1024 1772 se
1045 1711 1088 1772 lo·

6 1851 9 1868 ,
96 1798 143 1878 qui
163 1799 313 1856 ementitus
336 1805 388 1856 est.
434 1797 493 1857 Sed
521 1815 583 1858 cum
609 1801 683 1858 inter
710 1801 788 1858 initia
814 1799 927 1878 imperii
954 1797 1089 1856 eburneis

6 1911 23 1943 ι.
96 1879 242 1981 quadrigis
260 1879 365 1939 cotidie
380 1882 409 1939 in
425 1881 517 1942 abaco
533 1882 659 1960 luderet
683 1883 718 1942 ad
737 1885 835 1942 'omnis
857 1885 943 1942 etiam
958 1883 1088 1940 minimos

97 1968 243 2027 circenses
252 1982 268 2023 e
277 1981 396 2023 secessu
409 1965 586 2026 commeabat
588 1969 698 2046 ,primo
712 1967 794 2046 clam,
808 1965 910 2026 deinde
923 1966 1087 2044 propalam;

61 2059 126 2111 rout
141 2048 244 2107 nemini
238 2046 369 2107 dubium
386 2057 474 2124 esset,
492 2067 527 2110 eo
544 2049 590 2109 die
608 2053 705 2129 utique
720 2047 877 2110 allaturum.
915 2048 1017 2131 Neque
1033 2048 1088 2107 dis·

96 2130 245 2193 simulabat
259 2131 335 2191 velle
352 2149 385 2191 se
400 2133 554 2212 palmarum
569 2152 714 2194 nnmerum
736 2135 886 2212 ampliare;
913 2151 1001 2211 quare
1023 2149 1088 2210 spc-

96 2216 235 2289 ctaculum
247 2215 443 2314 multiplicatis
451 2218 604 2277 missibus
596 2235 624 2276 ιιι
636 2236 731 2277 serum
743 2216 973 2298 protrahebatur,
989 2233 1025 2276 ne
1038 2215 1089 2274 do-

6 2305 14 2344 2
95 2301 176 2360 minis
197 2299 339 2379 quidem'
331 2318 386 2360 ram
408 2303 563 2362 lactionum
585 2301 766 2379 dignantibus
786 2302 840 2362 nisi
863 2301 898 2362 ad
923 2302 1009 2362 totius
1033 2299 1089 2358 diei
1218 2377 1219 2386 ἵ

97 2403 208 2444 cursum
224 2403 334 2462 greges
358 2385 476 2446 ducere.
519 2387 588 2446 Mox
610 2395 639 2445 et
659 2388 724 2486 ipso
745 2385 877 2463 aurigare
897 2395 981 2465 atque
1005 2377 1105 2444 etiam
1111 2423 1113 2430 ι

62 2493 85 2532 ιι
96 2470 222 2547 spectari
238 2469 354 2547 saepius
370 2459 470 2546 noluit,
493 2471 648 2570 positoqpe
669 2472 696 2529 in
715 2469 806 2530 bortis
827 2471 901 2530 iuter
920 2470 1042 2530 servitia
1060 2475 1089 2526 et

6 2569 8 2578 ’
97 2552 241 2613 sordidam
257 2553 370 2632 plebem
388 2554 556 2630 rudimento,
573 2553 772 2614 universorum
793 2573 825 2614 se
847 2555 968 2615 oculis
959 2571 987 2614 ιιι
1009 2554 1088 2612 circo

96 2637 217 2698 maximo
233 2636 374 2715 praebuit,
392 2639 487 2718 aliquo
504 2633 610 2698 liberto
626 2640 753 2698 mittente
769 2657 902 2719 mappam
914 2638 988 2698 unde
999 2639 1087 2713 magi-

97 2730 201 2782 stratus
229 2721 334 2780 solent
377 2721 441 2782 Nec
469 2731 619 2784 contentus
647 2721 745 2782 harum
768 2726 867 2784 artium
892 2724 1090 2803 experimenta
1165 2727 1170 2734 '

96 2806 206 2866 Romae
229 2804 359 2883 dedisse,
381 2805 535 2883 Achaiam,
560 2817 590 2866 ut
616 2807 751 2883 diximus,
777 2808 864 2886 petit,
885 2807 951 2867 hinc
969 2807 1089 2864 maxime

63 2899 206 2950 semotos:
234 2890 414 2950 instituerant
438 2893 585 2968 civitates,
609 2891 684 2970 apud
700 2911 770 2971 quas
790 2894 890 2951 musici
912 2907 1022 2968 agones
1043 2882 1089 2946 edi

97 2973 203 3048 solent,
220 2991 319 3033 omnes
334 2973 565 3037 citharoedorum
584 2991 708 3035 coronas
725 2975 783 3036 ad
775 2993 866 3054 rpsum
882 2977 1003 3034 mittere.
1032 2971 1090 3031 llas

97 3057 170 3119 adeo
186 3067 269 3136 grate
284 3059 455 3137 recipiebat,
471 3069 500 3119 nt
513 3061 638 3136 legatos,
654 3078 702 3138 qur
694 3060 913 3138 pertulissent,
932 3074 988 3116 non
1004 3054 1089 3116 modo

98 3143 205 3221 primos
221 3141 392 3218 admitteret,
412 3143 464 3204 sed
481 3145 563 3204 etiam
580 3143 765 3203 familiaribus
777 3142 871 3222 epulis
882 3145 1095 3224 interponeret,
1110 3213 1131 3220 Ι,

96 3225 305 3305 Aquibusdam
321 3245 358 3286 ex
372 3227 416 3286 his
431 3238 550 3306 rogatus
572 3237 602 3286 ut
623 3237 751 3288 cantaret
774 3245 862 3305 super
885 3243 1018 3301 caenam,
1041 3231 1095 3283 err-³

63 3336 87 3377 ιι
98 3319 258 3388 septusque
279 3311 406 3390 edusius,
422 3311 506 3374 solos
517 3311 599 3372 scire
611 3311 722 3372 audire
736 3311 884 3386 Graecos,
903 3309 1047 3409 solosque
1057 3325 1093 3367 se

99 3393 251 3454 clenodiis
268 3395 333 3454 suis
348 3393 457 3493 dipnos
468 3399 514 3456 ait
544 3395 607 3455 Nec
619 3396 802 3474 proiectione
815 3395 912 3471 dilata,
928 3399 958 3453 nt
973 3394 1091 3492 primum

6 3471 20 3508 ³
100 3477 262 3556 Cassiopen
278 3479 402 3555 traiecit,
419 3481 513 3540 statim
528 3479 563 3540 ad
585 3497 662 3539 aram
682 3479 760 3540 lovis
776 3478 853 3542 Casii
867 3487 983 3540 cantare
996 3478 1089 3556 auspi

100 3561 1132 3644 ωωωωώωωωωι.ΜωωὼΜι

862 3649 931 3711 w
