2450 3910
121 213 183 274 252
208 223 974 288 c.suaremannuo.psv1nncausnauuu1a
989 227 1074 277 v111

99 351 177 462 que
190 381 225 442 ad
238 387 325 458 capu
340 377 493 476 quidquam
512 388 636 457 excepto
656 379 778 477 capulo,
802 388 830 437 et
849 389 1002 458 praeterea
1021 382 1136 446 clausa
1202 355 1203 436 J

120 468 214 528 omnia
228 464 412 541 repperisse;
429 471 515 541 atque
527 463 629 523 illum
621 464 734 522 interlin
752 473 868 541 arrepto
888 461 1080 544 deductoque
1093 471 1135 529 ad

119 563 225 612 terram
239 546 403 623 Stephano
417 548 609 607 conluctatum
622 548 685 623 diu
708 547 772 606 dum
788 547 875 607 modo
893 549 1000 609 lerrum
1022 563 1132 613 extor-
1202 555 1203 618 Ϊ

121 651 226 714 quere,
249 631 335 691 modo
356 650 524 710 quamquam
540 632 652 692 laniatIs
674 633 770 708 digitis
791 632 893 691 oculos
915 633 1048 694 effodere
1075 656 1132 698 co·
1202 697 1203 712 ,

120 729 211 779 natur.
1142 741 1155 777 t

183 800 304 860 Occisus
321 810 365 859 est
382 799 474 860 XIIII.
494 801 541 860 Kl.
559 800 643 860 Octh.
662 817 736 860 anuo
756 804 857 860 aetatis
878 801 1129 880 quadragenSImo
1202 823 1203 846 ³

121 889 228 967 quinto,
245 887 356 964 imperii
369 887 466 963 quinto
480 885 601 944 decimo.
625 882 757 944 Cadaver
769 887 844 960 eius,
866 886 998 963 populari
1017 890 1128 950 sanda·

121 973 179 1052 plla
191 989 244 1050 per
256 969 435 1048 vespillones
454 977 650 1047 exportatum,
669 969 778 1043 Phyllis
796 972 890 1028 nutrix
907 972 935 1028 in
954 970 1127 1034 suburbano
1202 991 1203 1026 1

120 1075 172 1117 suo
182 1057 280 1116 Latina
291 1055 338 1113 via
355 1055 513 1122 luneravit;
534 1053 586 1112 sed
603 1053 741 1132 reliquias
757 1054 865 1132 templo
883 1053 1001 1114 Flaviae
1022 1062 1127 1132 gentis

120 1142 193 1202 clam
204 1139 311 1214 intulit,
327 1136 530 1214 cineribusque
541 1137 630 1197 Iuliae
643 1137 698 1196 Titi
709 1136 795 1214 filiae,
806 1156 890 1217 quam
905 1148 933 1196 et
944 1140 1036 1217 ipsam
1051 1142 1124 1206 edr-
1138 1162 1162 1202 ro

120 1233 208 1303 carat,
225 1223 404 1283 conmiscuit.

63 1325 67 1328 ·
79 1323 111 1376 ιε
181 1310 294 1368 Statura
317 1306 369 1365 luit
390 1323 534 1385 procera,
563 1307 643 1365 vultu
662 1305 795 1366 modesto
820 1306 992 1386 ruborisque
1017 1307 1124 1388 pleno,

118 1392 275 1473 grandibus
292 1390 395 1467 oculis,
407 1409 506 1450 verum
519 1391 581 1449 acie
594 1391 762 1459 hebetiore;
783 1399 937 1469 praeterea
948 1391 1073 1470 pulcher
1086 1414 1124 1456 ac

119 1479 238 1553 decens,
253 1477 374 1534 maxime
389 1475 418 1532 iu
432 1477 556 1550 iuventa,
569 1484 599 1544 et
612 1475 725 1552 quidem
737 1483 798 1534 toto
819 1493 964 1552 corpore,
984 1479 1123 1555 exeeptis

119 1560 257 1642 pedibus,
282 1577 401 1637 quorum
420 1558 527 1634 digitos
547 1561 743 1619 restrictiores
767 1558 908 1626 babehat;
933 1568 1037 1638 postea
1060 1563 1157 1622 eal-1⁵

119 1648 188 1705 vitio
202 1655 320 1721 quoque*
329 1641 467 1700 deformis
488 1650 517 1699 et
536 1641 677 1702 obesitate
695 1644 852 1703 ventriset
871 1661 984 1703 crurum
1000 1647 1121 1722 gracili-

118 1738 188 1803 tate,
201 1745 275 1806 quae
288 1735 381 1787 tamen
393 1727 420 1783 ei
437 1725 593 1785 valitudIne
608 1726 697 1804 longa
714 1737 939 1787 remacruerant.
968 1727 1121 1790 Oommen·
1202 1749 1203 1762 ¹

120 1813 226 1872 darise
245 1809 420 1872 verecundia
440 1811 499 1870 orIs
519 1809 591 1871 adeo
611 1812 769 1889 sentiebat,
787 1822 817 1872 ut
835 1812 910 1890 apud
929 1821 1059 1873 senatum
1077 1817 1120 1873 sic

119 1895 261 1977 quondam
273 1896 435 1956 iactaverit:
467 1892 569 1974 Usque
590 1895 691 1956 adbuc
711 1903 794 1957 certe
814 1903 842 1956 et
865 1896 999 1957 animum
1021 1916 1120 1960 anaim

115 1981 277 2060 probastis
292 1985 322 2040 et
334 1979 457 2040 cultum.
492 1978 615 2040 Calvitio
634 1982 672 2040 ita
690 1981 903 2059 offendebatur,
924 1982 1000 2040 utin
1018 1991 1118 2042 contu·
1129 1997 1155 2036 a·

118 2067 231 2126 meliam
245 2084 323 2125 suam
335 2064 472 2141 traheret,
486 2066 511 2123 si
523 2066 567 2125 cui
578 2065 626 2125 alii
638 2067 704 2124 ioco
724 2067 771 2125 vel
790 2065 884 2143 iurgio
906 2065 1117 2136 obiectaretur;

119 2152 248 2229 quamvis
271 2149 388 2226 libello,
410 2167 494 2228 quem
516 2148 558 2209 de
587 2167 670 2209 cura
694 2150 918 2229 capillorum
943 2148 979 2209 ad
998 2151 1118 2210 amicum

120 2235 216 2312 edidit,
229 2235 302 2294 baec
323 2235 417 2331 etiam,
436 2234 518 2293 simul
537 2233 615 2331 illpm
614 2251 724 2329 seque
739 2235 907 2311 consolans,
925 2234 1096 2296 inseruerit:

236 2305 467 2398 odpdpdpgm
451 2305 790 2396 olcgudycbaulo'ges
807 2313 909 2398 μέγας
928 2336 983 2390 ,53
1058 2309 1094 2356 u,
1108 2317 1173 2404 ³³,
1202 2293 1203 2336 t

118 2399 237 2462 Eadem
253 2419 299 2460 me
317 2408 417 2460 tomen
429 2408 553 2460 maneat
567 2401 749 2479 capillorum
763 2403 852 2482 fato,
875 2409 904 2463 et
921 2399 1000 2480 sorti
1014 2403 1117 2466 calmo
1127 2430 1154 2472 m

117 2485 186 2564 fero
204 2503 322 2546 comum
336 2485 369 2544 in
384 2485 596 2546 odolescentia
610 2495 825 2549 senescentem
858 2487 952 2548 Setos
971 2504 1028 2547 nec
1042 2505 1116 2567 qra-

78 2573 111 2628 19
119 2570 179 2631 taes
195 2569 354 2648 quiequam
372 2569 483 2629 decere
502 2587 558 2630 nec
572 2570 705 2630 brettias.
736 2571 857 2633 Laboris
877 2573 1044 2648 Impatiens,
1067 2591 1117 2652 pe-

119 2654 201 2714 dibus
217 2671 269 2732 per
280 2653 380 2713 urbem
392 2671 450 2714 non
461 2664 570 2713 temere
583 2653 754 2732 ambulavit,
772 2661 800 2718 in
820 2655 1011 2735 expeditione.
1018 2666 1048 2715 et
1067 2675 1117 2734 ag-

118 2741 193 2799 mine
206 2755 281 2818 equo
295 2740 396 2815 rarius,
410 2739 515 2798 lectica
526 2738 641 2799 assidue
653 2750 754 2799 vectus
773 2751 827 2805 est.
856 2741 1010 2800 Armorum
1024 2739 1115 2817 nullo,

118 2825 286 2922 sagittarum
311 2823 357 2882 vel
382 2824 540 2922 praecipuo
565 2824 659 2882 studio
683 2825 843 2886 tenebatur.
883 2823 1027 2885 centenas
1046 2826 1153 2886 variiso

118 2909 236 2986 generis
258 2907 338 2968 ieras
356 2926 446 2986 saepe
463 2910 491 2966 in
509 2906 623 2968 Albano
643 2925 764 2968 secessu
783 2910 985 2968 conficientem
1002 2919 1116 2988 specta·
1202 2909 1203 2972 f

118 3011 188 3051 vere
206 2992 349 3071 plerique,
363 3001 447 3070 atque
460 2995 544 3052 etiam
560 3012 597 3052 ex
615 2991 808 3053 industrialia
828 2992 1003 3073 quarundam
1024 2996 1117 3072 capita
1202 2989 1203 3012 ¹

118 3077 265 3174 figentem,
283 3086 313 3136 ut
325 3075 436 3136 duobus
454 3075 557 3135 ictibus
575 3078 655 3155 quasi
671 3096 778 3137 cornua
798 3078 940 3138 efiiceret.
973 3077 1115 3138 Nonnum

118 3179 202 3239 quam
214 3162 242 3218 iu
262 3162 342 3238 pueri
362 3160 464 3238 procul
485 3162 585 3220 stantis
602 3161 826 3240 praebentisque
846 3179 898 3239 pro
918 3163 1042 3242 scopulo
1061 3161 1115 3222 dis·
1202 3179 1203 3200 t

119 3261 237 3320 pansam
249 3244 386 3304 dexterae
398 3262 497 3304 manus
511 3243 644 3322 palmam,
657 3249 778 3322 sagittas
789 3255 866 3306 tanta
879 3246 1074 3323 arte-dIrexit,
1088 3255 1115 3306 ut
1124 3271 1150 3314 a
1202 3269 1203 3278 ¹

119 3342 219 3384 omnes
233 3343 285 3400 per
297 3327 449 3387 intervalla
466 3327 639 3426 digitorum
631 3347 754 3390 innocue
768 3329 936 3389 evaderent.

76 3413 110 3465 20
176 3405 319 3466 Liberalia
332 3411 443 3470 studia
435 3411 547 3488 imperii
560 3412 640 3469 initio
659 3414 807 3490 neglexit,
824 3429 994 3489 quamquam
1013 3412 1115 3472 biblio-

117 3489 218 3549 thecas
238 3489 370 3548 incendio
389 3491 582 3569 absumptas
574 3498 786 3571 impensissime
809 3511 948 3573 reparare
973 3505 1114 3572 curasset,
