<?xml version="1.0" encoding="UTF-8"?>
<!DOCTYPE html PUBLIC "-//W3C//DTD XHTML 1.0 Transitional//EN"
    "http://www.w3.org/TR/xhtml1/DTD/xhtml1-transitional.dtd">
<html xmlns="http://www.w3.org/1999/xhtml" xml:lang="en" lang="en">
 <head>
  <title>
</title>
<meta http-equiv="Content-Type" content="text/html;charset=utf-8" />
  <meta name='ocr-system' content='tesseract 3.04.00' />
  <meta name='ocr-capabilities' content='ocr_page ocr_carea ocr_par ocr_line ocrx_word'/>
</head>
<body>
  <div class='ocr_page' id='page_1' title='image "./csuetonitranqui00suetgoog_0069.png"; bbox 0 0 2434 3908; ppageno 0'>
   <div class='ocr_carea' id='block_1_1' title="bbox 217 199 765 276">
    <p class='ocr_par' dir='ltr' id='par_1_1' title="bbox 217 199 765 276">
     <span class='ocr_line' id='line_1_1' title="bbox 217 199 765 276; baseline -0.011 -23"><span class='ocrx_word' id='word_1_1' title='bbox 217 205 293 253; x_wconf 78' lang='lat' dir='ltr'><strong>mu</strong></span> <span class='ocrx_word' id='word_1_2' title='bbox 556 199 765 276; x_wconf 65' lang='lat' dir='ltr'><strong>recussum.</strong></span> 
     </span>
    </p>
   </div>
   <div class='ocr_carea' id='block_1_2' title="bbox 217 358 1125 605">
    <p class='ocr_par' dir='ltr' id='par_1_2' title="bbox 217 358 1125 605">
     <span class='ocr_line' id='line_1_2' title="bbox 219 358 1125 433; baseline -0.003 -13"><span class='ocrx_word' id='word_1_3' title='bbox 219 365 320 433; x_wconf 88' lang='lat' dir='ltr'><strong>diano,</strong></span> <span class='ocrx_word' id='word_1_4' title='bbox 340 368 371 417; x_wconf 92' lang='grc'>61</span> <span class='ocrx_word' id='word_1_5' title='bbox 393 377 429 416; x_wconf 85' lang='lat' dir='ltr'>ex</span> <span class='ocrx_word' id='word_1_6' title='bbox 449 359 589 416; x_wconf 88' lang='lat' dir='ltr'><strong>simillimo</strong></span> <span class='ocrx_word' id='word_1_7' title='bbox 612 361 706 432; x_wconf 89' lang='lat' dir='ltr'><strong>aliquo</strong></span> <span class='ocrx_word' id='word_1_8' title='bbox 731 359 792 416; x_wconf 88' lang='lat' dir='ltr'><strong>eius</strong></span> <span class='ocrx_word' id='word_1_9' title='bbox 810 358 991 416; x_wconf 78' lang='lat' dir='ltr'><strong>descendisse</strong></span> <span class='ocrx_word' id='word_1_10' title='bbox 1017 359 1060 415; x_wconf 93' lang='lat' dir='ltr'><strong>illi</strong></span> <span class='ocrx_word' id='word_1_11' title='bbox 1076 362 1125 417; x_wconf 89' lang='lat' dir='ltr'>dc-</span> 
     </span>
     <span class='ocr_line' id='line_1_3' title="bbox 217 443 1124 517; baseline -0.006 -12"><span class='ocrx_word' id='word_1_12' title='bbox 217 449 311 505; x_wconf 82' lang='grc'>16661.</span> <span class='ocrx_word' id='word_1_13' title='bbox 355 445 478 517; x_wconf 85' lang='lat' dir='ltr'><strong>Namque</strong></span> <span class='ocrx_word' id='word_1_14' title='bbox 500 445 525 499; x_wconf 89' lang='lat' dir='ltr'><strong>is</strong></span> <span class='ocrx_word' id='word_1_15' title='bbox 545 445 622 500; x_wconf 87' lang='lat' dir='ltr'><strong>solus</strong></span> <span class='ocrx_word' id='word_1_16' title='bbox 638 445 673 500; x_wconf 92' lang='lat' dir='ltr'>dc</span> <span class='ocrx_word' id='word_1_17' title='bbox 690 443 779 498; x_wconf 88' lang='lat' dir='ltr'><strong>tribus</strong></span> <span class='ocrx_word' id='word_1_18' title='bbox 800 460 828 516; x_wconf 90' lang='lat' dir='ltr'>p.</span> <span class='ocrx_word' id='word_1_19' title='bbox 846 448 915 509; x_wconf 88' lang='grc'>260,</span> <span class='ocrx_word' id='word_1_20' title='bbox 930 449 963 503; x_wconf 87' lang='grc'>25</span> <span class='ocrx_word' id='word_1_21' title='bbox 983 460 1124 517; x_wconf 77' lang='grc'>616666-</span> 
     </span>
     <span class='ocr_line' id='line_1_4' title="bbox 218 526 1124 605; baseline -0.002 -17"><span class='ocrx_word' id='word_1_22' title='bbox 218 532 287 600; x_wconf 78' lang='lat' dir='ltr'><strong>aaa,</strong></span> <span class='ocrx_word' id='word_1_23' title='bbox 302 549 330 605; x_wconf 84' lang='lat' dir='ltr'>p.</span> <span class='ocrx_word' id='word_1_24' title='bbox 346 535 416 600; x_wconf 91' lang='grc'>264,</span> <span class='ocrx_word' id='word_1_25' title='bbox 437 534 471 588; x_wconf 86' lang='grc'>36</span> <span class='ocrx_word' id='word_1_26' title='bbox 488 529 647 600; x_wconf 74' lang='lat' dir='ltr'><strong>superiore,</strong></span> <span class='ocrx_word' id='word_1_27' title='bbox 666 545 694 600; x_wconf 89' lang='lat' dir='ltr'>p.</span> <span class='ocrx_word' id='word_1_28' title='bbox 710 532 778 598; x_wconf 91' lang='grc'>266,</span> <span class='ocrx_word' id='word_1_29' title='bbox 794 531 828 587; x_wconf 94' lang='grc'>14</span> <span class='ocrx_word' id='word_1_30' title='bbox 847 526 945 598; x_wconf 83' lang='lat' dir='ltr'><strong>certo,</strong></span> <span class='ocrx_word' id='word_1_31' title='bbox 967 544 1039 599; x_wconf 88' lang='lat' dir='ltr'><strong>quae</strong></span> <span class='ocrx_word' id='word_1_32' title='bbox 1057 546 1124 586; x_wconf 82' lang='lat' dir='ltr'><strong>vera</strong></span> 
     </span>
    </p>
   </div>
   <div class='ocr_carea' id='block_1_3' title="bbox 218 611 1202 693">
    <p class='ocr_par' dir='ltr' id='par_1_3' title="bbox 218 611 1202 693">
     <span class='ocr_line' id='line_1_5' title="bbox 218 611 1202 693; baseline -0.004 -21"><span class='ocrx_word' id='word_1_33' title='bbox 218 621 298 686; x_wconf 87' lang='grc'>6661,</span> <span class='ocrx_word' id='word_1_34' title='bbox 322 612 594 670; x_wconf 83' lang='grc'>666661611611666</span> <span class='ocrx_word' id='word_1_35' title='bbox 610 613 690 668; x_wconf 86' lang='lat' dir='ltr'><strong>libris</strong></span> <span class='ocrx_word' id='word_1_36' title='bbox 710 611 850 684; x_wconf 66' lang='grc'>6616611116</span> <span class='ocrx_word' id='word_1_37' title='bbox 877 611 1042 669; x_wconf 83' lang='grc'>1166166166</span> <span class='ocrx_word' id='word_1_38' title='bbox 1064 630 1125 670; x_wconf 92' lang='lat' dir='ltr'>cum</span> <span class='ocrx_word' id='word_1_39' title='bbox 1199 666 1202 693; x_wconf 57' lang='grc'>1</span> 
     </span>
    </p>
   </div>
   <div class='ocr_carea' id='block_1_4' title="bbox 217 697 1202 857">
    <p class='ocr_par' dir='ltr' id='par_1_4' title="bbox 217 697 1202 857">
     <span class='ocr_line' id='line_1_6' title="bbox 218 697 1202 784; baseline -0.003 -30"><span class='ocrx_word' id='word_1_40' title='bbox 218 699 277 756; x_wconf 87' lang='grc'>11116</span> <span class='ocrx_word' id='word_1_41' title='bbox 297 701 367 756; x_wconf 86' lang='lat' dir='ltr'><strong>haec</strong></span> <span class='ocrx_word' id='word_1_42' title='bbox 390 702 521 769; x_wconf 87' lang='lat' dir='ltr'><strong>corrupta</strong></span> <span class='ocrx_word' id='word_1_43' title='bbox 545 715 572 770; x_wconf 94' lang='grc'>6.</span> <span class='ocrx_word' id='word_1_44' title='bbox 596 702 711 766; x_wconf 93' lang='grc'>259,11</span> <span class='ocrx_word' id='word_1_45' title='bbox 734 701 862 766; x_wconf 84' lang='grc'>166,13</span> <span class='ocrx_word' id='word_1_46' title='bbox 885 697 968 767; x_wconf 75' lang='grc'>16616,</span> <span class='ocrx_word' id='word_1_47' title='bbox 995 699 1125 768; x_wconf 73' lang='lat' dir='ltr'><strong>locitas,</strong></span> <span class='ocrx_word' id='word_1_48' title='bbox 1201 753 1202 784; x_wconf 22' lang='grc' dir='ltr'>ἦ</span> 
     </span>
     <span class='ocr_line' id='line_1_7' title="bbox 217 780 1125 857; baseline -0.001 -17"><span class='ocrx_word' id='word_1_49' title='bbox 217 801 247 857; x_wconf 92' lang='grc'>6.</span> <span class='ocrx_word' id='word_1_50' title='bbox 262 788 326 855; x_wconf 95' lang='grc'>264,</span> <span class='ocrx_word' id='word_1_51' title='bbox 347 791 363 842; x_wconf 85' lang='grc'>5</span> <span class='ocrx_word' id='word_1_52' title='bbox 384 781 519 854; x_wconf 77' lang='lat' dir='ltr'><strong><em>improbi,</em></strong></span> <span class='ocrx_word' id='word_1_53' title='bbox 541 799 569 854; x_wconf 88' lang='lat' dir='ltr'>p.</span> <span class='ocrx_word' id='word_1_54' title='bbox 584 786 652 850; x_wconf 88' lang='grc'>271,</span> <span class='ocrx_word' id='word_1_55' title='bbox 669 785 703 840; x_wconf 90' lang='grc'>16</span> <span class='ocrx_word' id='word_1_56' title='bbox 723 782 890 849; x_wconf 74' lang='lat' dir='ltr'><strong>celeranter,</strong></span> <span class='ocrx_word' id='word_1_57' title='bbox 907 786 935 834; x_wconf 89' lang='grc'>61</span> <span class='ocrx_word' id='word_1_58' title='bbox 954 780 1125 854; x_wconf 88' lang='grc'>16161661616</span> 
     </span>
    </p>
   </div>
   <div class='ocr_carea' id='block_1_5' title="bbox 214 862 1126 1110">
    <p class='ocr_par' dir='ltr' id='par_1_5' title="bbox 214 862 1126 1110">
     <span class='ocr_line' id='line_1_8' title="bbox 217 862 1125 941; baseline 0 -15"><span class='ocrx_word' id='word_1_59' title='bbox 217 885 247 941; x_wconf 92' lang='grc'>6.</span> <span class='ocrx_word' id='word_1_60' title='bbox 262 873 329 939; x_wconf 88' lang='grc'>262,</span> <span class='ocrx_word' id='word_1_61' title='bbox 344 872 433 934; x_wconf 80' lang='grc'>3861,</span> <span class='ocrx_word' id='word_1_62' title='bbox 453 883 480 939; x_wconf 89' lang='lat' dir='ltr'>p.</span> <span class='ocrx_word' id='word_1_63' title='bbox 496 871 566 937; x_wconf 91' lang='grc'>264,</span> <span class='ocrx_word' id='word_1_64' title='bbox 583 865 751 936; x_wconf 78' lang='grc'>11666166,</span> <span class='ocrx_word' id='word_1_65' title='bbox 773 862 989 938; x_wconf 86' lang='grc'>6166166666.</span> <span class='ocrx_word' id='word_1_66' title='bbox 1005 870 1074 937; x_wconf 93' lang='grc'>265,</span> <span class='ocrx_word' id='word_1_67' title='bbox 1093 873 1125 926; x_wconf 91' lang='grc'>19</span> 
     </span>
     <span class='ocr_line' id='line_1_9' title="bbox 214 947 1126 1024; baseline -0.002 -16"><span class='ocrx_word' id='word_1_68' title='bbox 214 967 333 1024; x_wconf 83' lang='lat' dir='ltr'><strong>puerum</strong></span> <span class='ocrx_word' id='word_1_69' title='bbox 350 950 490 1014; x_wconf 85' lang='lat' dir='ltr'><strong>ostendit;</strong></span> <span class='ocrx_word' id='word_1_70' title='bbox 506 949 626 1021; x_wconf 89' lang='lat' dir='ltr'><strong>denique</strong></span> <span class='ocrx_word' id='word_1_71' title='bbox 640 966 669 1020; x_wconf 91' lang='grc'>6.</span> <span class='ocrx_word' id='word_1_72' title='bbox 688 953 751 1020; x_wconf 90' lang='grc'>267,</span> <span class='ocrx_word' id='word_1_73' title='bbox 767 953 799 1005; x_wconf 91' lang='grc'>11</span> <span class='ocrx_word' id='word_1_74' title='bbox 815 947 919 1004; x_wconf 89' lang='lat' dir='ltr'><strong>omisso</strong></span> <span class='ocrx_word' id='word_1_75' title='bbox 935 948 962 1003; x_wconf 95' lang='lat' dir='ltr'><strong>in</strong></span> <span class='ocrx_word' id='word_1_76' title='bbox 979 949 1079 1005; x_wconf 87' lang='lat' dir='ltr'><strong>ordine</strong></span> <span class='ocrx_word' id='word_1_77' title='bbox 1098 957 1126 1006; x_wconf 91' lang='grc'>61</span> 
     </span>
     <span class='ocr_line' id='line_1_10' title="bbox 217 1033 1124 1110; baseline -0.004 -17"><span class='ocrx_word' id='word_1_78' title='bbox 217 1037 348 1110; x_wconf 87' lang='grc'>66661616</span> <span class='ocrx_word' id='word_1_79' title='bbox 364 1038 398 1092; x_wconf 97' lang='grc'>66</span> <span class='ocrx_word' id='word_1_80' title='bbox 413 1035 564 1106; x_wconf 81' lang='lat' dir='ltr'><strong>marginem</strong></span> <span class='ocrx_word' id='word_1_81' title='bbox 579 1033 838 1100; x_wconf 80' lang='grc'>6666161666666,</span> <span class='ocrx_word' id='word_1_82' title='bbox 856 1038 926 1104; x_wconf 91' lang='grc'>616.</span> <span class='ocrx_word' id='word_1_83' title='bbox 942 1038 1010 1104; x_wconf 92' lang='grc'>268,</span> <span class='ocrx_word' id='word_1_84' title='bbox 1026 1037 1061 1091; x_wconf 87' lang='grc'>14</span> <span class='ocrx_word' id='word_1_85' title='bbox 1076 1034 1124 1090; x_wconf 83' lang='grc'>6111</span> 
     </span>
    </p>
   </div>
   <div class='ocr_carea' id='block_1_6' title="bbox 215 1116 1203 1199">
    <p class='ocr_par' dir='ltr' id='par_1_6' title="bbox 215 1116 1203 1199">
     <span class='ocr_line' id='line_1_11' title="bbox 215 1116 1203 1199; baseline -0.003 -23"><span class='ocrx_word' id='word_1_86' title='bbox 215 1120 329 1177; x_wconf 81' lang='lat' dir='ltr'><strong>Latinos</strong></span> <span class='ocrx_word' id='word_1_87' title='bbox 342 1122 427 1177; x_wconf 84' lang='lat' dir='ltr'><strong>hehet</strong></span> <span class='ocrx_word' id='word_1_88' title='bbox 440 1120 469 1174; x_wconf 91' lang='grc'>16</span> <span class='ocrx_word' id='word_1_89' title='bbox 485 1119 600 1188; x_wconf 81' lang='lat' dir='ltr'><strong>ordine,</strong></span> <span class='ocrx_word' id='word_1_90' title='bbox 620 1117 717 1172; x_wconf 79' lang='lat' dir='ltr'><strong>Latine</strong></span> <span class='ocrx_word' id='word_1_91' title='bbox 737 1117 778 1190; x_wconf 80' lang='lat' dir='ltr'>·f·</span> <span class='ocrx_word' id='word_1_92' title='bbox 814 1118 841 1172; x_wconf 92' lang='lat' dir='ltr'><strong>in</strong></span> <span class='ocrx_word' id='word_1_93' title='bbox 859 1116 1002 1188; x_wconf 77' lang='lat' dir='ltr'><strong>margine,</strong></span> <span class='ocrx_word' id='word_1_94' title='bbox 1018 1117 1125 1174; x_wconf 87' lang='lat' dir='ltr'><strong>deteri·</strong></span> <span class='ocrx_word' id='word_1_95' title='bbox 1199 1141 1203 1199; x_wconf 68' lang='lat'><strong>3</strong></span> 
     </span>
    </p>
   </div>
   <div class='ocr_carea' id='block_1_7' title="bbox 215 1201 1051 1274">
    <p class='ocr_par' dir='ltr' id='par_1_7' title="bbox 215 1201 1051 1274">
     <span class='ocr_line' id='line_1_12' title="bbox 215 1201 1051 1274; baseline -0.008 -11"><span class='ocrx_word' id='word_1_96' title='bbox 215 1222 296 1264; x_wconf 89' lang='lat' dir='ltr'><strong>crum</strong></span> <span class='ocrx_word' id='word_1_97' title='bbox 313 1205 447 1261; x_wconf 85' lang='lat' dir='ltr'><strong>librorum</strong></span> <span class='ocrx_word' id='word_1_98' title='bbox 462 1203 653 1260; x_wconf 75' lang='lat' dir='ltr'><strong>diversitatem</strong></span> <span class='ocrx_word' id='word_1_99' title='bbox 666 1201 776 1257; x_wconf 81' lang='lat' dir='ltr'><strong>facilem</strong></span> <span class='ocrx_word' id='word_1_100' title='bbox 790 1201 884 1257; x_wconf 85' lang='lat' dir='ltr'><strong>reddit</strong></span> <span class='ocrx_word' id='word_1_101' title='bbox 900 1201 1051 1274; x_wconf 82' lang='lat' dir='ltr'><strong>explicatu.</strong></span> 
     </span>
    </p>
   </div>
   <div class='ocr_carea' id='block_1_8' title="bbox 216 1284 1201 1449">
    <p class='ocr_par' dir='ltr' id='par_1_8' title="bbox 216 1284 1201 1449">
     <span class='ocr_line' id='line_1_13' title="bbox 280 1284 1201 1362; baseline -0.007 -16"><span class='ocrx_word' id='word_1_102' title='bbox 280 1291 322 1346; x_wconf 89' lang='lat' dir='ltr'>De</span> <span class='ocrx_word' id='word_1_103' title='bbox 338 1289 408 1362; x_wconf 89' lang='lat' dir='ltr'><strong>ipsis</strong></span> <span class='ocrx_word' id='word_1_104' title='bbox 425 1287 508 1344; x_wconf 81' lang='lat' dir='ltr'><strong>libris</strong></span> <span class='ocrx_word' id='word_1_105' title='bbox 523 1288 659 1358; x_wconf 87' lang='lat' dir='ltr'><strong>probatae</strong></span> <span class='ocrx_word' id='word_1_106' title='bbox 675 1285 739 1341; x_wconf 87' lang='lat' dir='ltr'><strong>fidei</strong></span> <span class='ocrx_word' id='word_1_107' title='bbox 754 1284 843 1342; x_wconf 84' lang='lat' dir='ltr'><strong>tribus</strong></span> <span class='ocrx_word' id='word_1_108' title='bbox 854 1285 998 1341; x_wconf 86' lang='lat' dir='ltr'><strong>Leidensis</strong></span> <span class='ocrx_word' id='word_1_109' title='bbox 1013 1285 1124 1344; x_wconf 90' lang='lat' dir='ltr'><strong>minime</strong></span> <span class='ocrx_word' id='word_1_110' title='bbox 1199 1339 1201 1358; x_wconf 41' lang='lat'><strong>,</strong></span> 
     </span>
     <span class='ocr_line' id='line_1_14' title="bbox 216 1359 1200 1449; baseline -0.006 -19"><span class='ocrx_word' id='word_1_111' title='bbox 216 1390 302 1449; x_wconf 85' lang='lat' dir='ltr'><strong>saepe</strong></span> <span class='ocrx_word' id='word_1_112' title='bbox 320 1373 465 1430; x_wconf 88' lang='lat' dir='ltr'><strong>erroribus</strong></span> <span class='ocrx_word' id='word_1_113' title='bbox 480 1371 606 1428; x_wconf 85' lang='lat' dir='ltr'><strong>turbatus</strong></span> <span class='ocrx_word' id='word_1_114' title='bbox 621 1377 682 1441; x_wconf 88' lang='lat' dir='ltr'><strong>est,</strong></span> <span class='ocrx_word' id='word_1_115' title='bbox 698 1369 749 1425; x_wconf 89' lang='grc'>666</span> <span class='ocrx_word' id='word_1_116' title='bbox 769 1386 805 1426; x_wconf 91' lang='grc'>66</span> <span class='ocrx_word' id='word_1_117' title='bbox 822 1369 847 1426; x_wconf 90' lang='grc'>16</span> <span class='ocrx_word' id='word_1_118' title='bbox 862 1369 972 1440; x_wconf 87' lang='lat' dir='ltr'><strong>quidem</strong></span> <span class='ocrx_word' id='word_1_119' title='bbox 987 1376 1042 1426; x_wconf 91' lang='lat' dir='ltr'>tam</span> <span class='ocrx_word' id='word_1_120' title='bbox 1066 1371 1123 1427; x_wconf 89' lang='lat' dir='ltr'><strong>sin·</strong></span> <span class='ocrx_word' id='word_1_121' title='bbox 1199 1359 1200 1399; x_wconf 65' lang='lat'>³</span> 
     </span>
    </p>
   </div>
   <div class='ocr_carea' id='block_1_9' title="bbox 217 1453 1124 1779">
    <p class='ocr_par' dir='ltr' id='par_1_9' title="bbox 217 1453 1124 1779">
     <span class='ocr_line' id='line_1_15' title="bbox 217 1453 1124 1528; baseline -0.001 -16"><span class='ocrx_word' id='word_1_122' title='bbox 217 1475 299 1514; x_wconf 87' lang='lat' dir='ltr'><strong>cerus</strong></span> <span class='ocrx_word' id='word_1_123' title='bbox 314 1463 352 1528; x_wconf 87' lang='lat' dir='ltr'>ul,</span> <span class='ocrx_word' id='word_1_124' title='bbox 368 1457 415 1512; x_wconf 89' lang='lat' dir='ltr'>ubi</span> <span class='ocrx_word' id='word_1_125' title='bbox 431 1457 510 1512; x_wconf 87' lang='lat' dir='ltr'><strong>solus</strong></span> <span class='ocrx_word' id='word_1_126' title='bbox 526 1462 621 1512; x_wconf 89' lang='grc'>666116</span> <span class='ocrx_word' id='word_1_127' title='bbox 633 1455 759 1525; x_wconf 87' lang='lat' dir='ltr'><strong>reliquos</strong></span> <span class='ocrx_word' id='word_1_128' title='bbox 771 1470 866 1512; x_wconf 90' lang='lat' dir='ltr'><strong>omnes</strong></span> <span class='ocrx_word' id='word_1_129' title='bbox 881 1459 946 1524; x_wconf 89' lang='grc'>6161,</span> <span class='ocrx_word' id='word_1_130' title='bbox 963 1453 989 1509; x_wconf 91' lang='grc'>61</span> <span class='ocrx_word' id='word_1_131' title='bbox 1004 1454 1124 1511; x_wconf 84' lang='lat' dir='ltr'><strong>manime</strong></span> 
     </span>
     <span class='ocr_line' id='line_1_16' title="bbox 217 1537 1123 1611; baseline -0.002 -13"><span class='ocrx_word' id='word_1_132' title='bbox 217 1541 424 1598; x_wconf 90' lang='lat' dir='ltr'><strong>concedendum</strong></span> <span class='ocrx_word' id='word_1_133' title='bbox 440 1555 503 1594; x_wconf 90' lang='grc'>6666</span> <span class='ocrx_word' id='word_1_134' title='bbox 517 1538 654 1595; x_wconf 87' lang='lat' dir='ltr'><strong>videatur.</strong></span> <span class='ocrx_word' id='word_1_135' title='bbox 697 1537 763 1594; x_wconf 89' lang='lat' dir='ltr'>Nam</span> <span class='ocrx_word' id='word_1_136' title='bbox 780 1537 826 1610; x_wconf 90' lang='lat' dir='ltr'><strong>qni</strong></span> <span class='ocrx_word' id='word_1_137' title='bbox 843 1554 903 1593; x_wconf 90' lang='lat' dir='ltr'>eum</span> <span class='ocrx_word' id='word_1_138' title='bbox 920 1554 972 1610; x_wconf 94' lang='lat' dir='ltr'>pro</span> <span class='ocrx_word' id='word_1_139' title='bbox 989 1539 1123 1611; x_wconf 87' lang='lat' dir='ltr'><strong>primario</strong></span> 
     </span>
     <span class='ocr_line' id='line_1_17' title="bbox 217 1622 1122 1694; baseline -0.002 -13"><span class='ocrx_word' id='word_1_140' title='bbox 217 1626 338 1681; x_wconf 87' lang='lat' dir='ltr'><strong>habeant</strong></span> <span class='ocrx_word' id='word_1_141' title='bbox 358 1631 386 1680; x_wconf 89' lang='lat' dir='ltr'>et</span> <span class='ocrx_word' id='word_1_142' title='bbox 407 1630 543 1693; x_wconf 85' lang='lat' dir='ltr'><strong>tamquam</strong></span> <span class='ocrx_word' id='word_1_143' title='bbox 559 1623 731 1694; x_wconf 87' lang='lat' dir='ltr'><strong>reliquorum</strong></span> <span class='ocrx_word' id='word_1_144' title='bbox 748 1622 867 1679; x_wconf 91' lang='lat' dir='ltr'><strong>omnium</strong></span> <span class='ocrx_word' id='word_1_145' title='bbox 881 1627 1024 1693; x_wconf 83' lang='lat' dir='ltr'><strong>parentem</strong></span> <span class='ocrx_word' id='word_1_146' title='bbox 1039 1639 1122 1679; x_wconf 84' lang='lat' dir='ltr'><strong>reve·</strong></span> 
     </span>
     <span class='ocr_line' id='line_1_18' title="bbox 218 1706 1120 1779; baseline 0.001 -14"><span class='ocrx_word' id='word_1_147' title='bbox 218 1714 343 1779; x_wconf 77' lang='lat' dir='ltr'><strong>reantur,</strong></span> <span class='ocrx_word' id='word_1_148' title='bbox 358 1707 412 1763; x_wconf 88' lang='lat' dir='ltr'>iem</span> <span class='ocrx_word' id='word_1_149' title='bbox 432 1707 524 1762; x_wconf 91' lang='lat' dir='ltr'><strong>nullos</strong></span> <span class='ocrx_word' id='word_1_150' title='bbox 540 1707 624 1762; x_wconf 90' lang='lat' dir='ltr'><strong>hodie</strong></span> <span class='ocrx_word' id='word_1_151' title='bbox 642 1723 705 1764; x_wconf 86' lang='lat' dir='ltr'><strong>esse</strong></span> <span class='ocrx_word' id='word_1_152' title='bbox 721 1707 814 1777; x_wconf 86' lang='lat' dir='ltr'><strong>video,</strong></span> <span class='ocrx_word' id='word_1_153' title='bbox 831 1711 941 1762; x_wconf 86' lang='grc'>616666</span> <span class='ocrx_word' id='word_1_154' title='bbox 956 1706 1120 1777; x_wconf 81' lang='lat' dir='ltr'><strong>deponenda</strong></span> 
     </span>
    </p>
   </div>
   <div class='ocr_carea' id='block_1_10' title="bbox 215 1789 1200 1947">
    <p class='ocr_par' dir='ltr' id='par_1_10' title="bbox 215 1769 1200 1947">
     <span class='ocr_line' id='line_1_19' title="bbox 215 1789 1200 1871; baseline -0.002 -23"><span class='ocrx_word' id='word_1_155' title='bbox 215 1792 283 1848; x_wconf 91' lang='grc'>16116</span> <span class='ocrx_word' id='word_1_156' title='bbox 305 1791 401 1865; x_wconf 89' lang='grc'>661616</span> <span class='ocrx_word' id='word_1_157' title='bbox 424 1790 532 1846; x_wconf 89' lang='grc'>161166</span> <span class='ocrx_word' id='word_1_158' title='bbox 556 1790 653 1847; x_wconf 89' lang='grc'>666166</span> <span class='ocrx_word' id='word_1_159' title='bbox 676 1808 711 1846; x_wconf 90' lang='grc'>66</span> <span class='ocrx_word' id='word_1_160' title='bbox 730 1791 818 1847; x_wconf 87' lang='lat' dir='ltr'><strong>semel</strong></span> <span class='ocrx_word' id='word_1_161' title='bbox 837 1789 948 1862; x_wconf 88' lang='lat' dir='ltr'><strong>quidem</strong></span> <span class='ocrx_word' id='word_1_162' title='bbox 968 1791 1121 1864; x_wconf 85' lang='lat' dir='ltr'><strong>exscripto.</strong></span> <span class='ocrx_word' id='word_1_163' title='bbox 1196 1825 1200 1871; x_wconf 72' lang='lat'><strong>,</strong></span> 
     </span>
     <span class='ocr_line' id='line_1_20' title="bbox 215 1873 1200 1947; baseline 0 -16"><span class='ocrx_word' id='word_1_164' title='bbox 215 1876 354 1933; x_wconf 78' lang='lat' dir='ltr'><strong>Pantanus</strong></span> <span class='ocrx_word' id='word_1_165' title='bbox 370 1875 456 1947; x_wconf 86' lang='lat' dir='ltr'><strong>igitur</strong></span> <span class='ocrx_word' id='word_1_166' title='bbox 473 1891 553 1931; x_wconf 91' lang='lat' dir='ltr'><strong>omne</strong></span> <span class='ocrx_word' id='word_1_167' title='bbox 568 1873 701 1931; x_wconf 84' lang='lat' dir='ltr'><strong>vitiorum</strong></span> <span class='ocrx_word' id='word_1_168' title='bbox 715 1891 805 1946; x_wconf 83' lang='lat' dir='ltr'><strong>genus</strong></span> <span class='ocrx_word' id='word_1_169' title='bbox 821 1873 945 1930; x_wconf 86' lang='lat' dir='ltr'><strong>librariis</strong></span> <span class='ocrx_word' id='word_1_170' title='bbox 960 1881 1120 1932; x_wconf 87' lang='lat' dir='ltr'><strong>consuetum</strong></span> <span class='ocrx_word' id='word_1_171' title='bbox 1199 1925 1200 1938; x_wconf 68' lang='grc'>,</span> 
     </span>
    </p>
   </div>
   <div class='ocr_carea' id='block_1_11' title="bbox 214 1949 1200 2116">
    <p class='ocr_par' dir='ltr' id='par_1_11' title="bbox 214 1949 1200 2116">
     <span class='ocr_line' id='line_1_21' title="bbox 214 1949 1200 2031; baseline -0.004 -14"><span class='ocrx_word' id='word_1_172' title='bbox 214 1961 346 2018; x_wconf 86' lang='grc'>6661616</span> <span class='ocrx_word' id='word_1_173' title='bbox 364 1958 510 2016; x_wconf 86' lang='lat' dir='ltr'><strong>commisit.</strong></span> <span class='ocrx_word' id='word_1_174' title='bbox 553 1959 689 2016; x_wconf 87' lang='lat' dir='ltr'><strong>Nonnulla</strong></span> <span class='ocrx_word' id='word_1_175' title='bbox 713 1958 870 2015; x_wconf 75' lang='lat' dir='ltr'><strong>festinando</strong></span> <span class='ocrx_word' id='word_1_176' title='bbox 885 1959 1037 2030; x_wconf 84' lang='lat' dir='ltr'><strong>depravata</strong></span> <span class='ocrx_word' id='word_1_177' title='bbox 1059 1959 1122 2031; x_wconf 90' lang='grc'>1666</span> <span class='ocrx_word' id='word_1_178' title='bbox 1197 1949 1200 2013; x_wconf 69' lang='lat' dir='ltr'><em>J</em></span> 
     </span>
     <span class='ocr_line' id='line_1_22' title="bbox 215 2044 1121 2116; baseline -0.003 -15"><span class='ocrx_word' id='word_1_179' title='bbox 215 2044 382 2116; x_wconf 86' lang='lat' dir='ltr'><strong>emendavit,</strong></span> <span class='ocrx_word' id='word_1_180' title='bbox 396 2051 426 2100; x_wconf 91' lang='lat' dir='ltr'>ut</span> <span class='ocrx_word' id='word_1_181' title='bbox 441 2062 468 2116; x_wconf 91' lang='lat' dir='ltr'>p.</span> <span class='ocrx_word' id='word_1_182' title='bbox 485 2048 547 2113; x_wconf 88' lang='grc'>257,</span> <span class='ocrx_word' id='word_1_183' title='bbox 562 2049 588 2102; x_wconf 86' lang='grc'>4.</span> <span class='ocrx_word' id='word_1_184' title='bbox 612 2048 674 2114; x_wconf 87' lang='grc'>259,</span> <span class='ocrx_word' id='word_1_185' title='bbox 689 2049 740 2107; x_wconf 90' lang='grc'>21;</span> <span class='ocrx_word' id='word_1_186' title='bbox 757 2048 800 2103; x_wconf 83' lang='grc'>34.</span> <span class='ocrx_word' id='word_1_187' title='bbox 822 2048 884 2114; x_wconf 87' lang='grc'>260,</span> <span class='ocrx_word' id='word_1_188' title='bbox 900 2051 935 2107; x_wconf 76' lang='lat'>53</span> <span class='ocrx_word' id='word_1_189' title='bbox 950 2049 994 2102; x_wconf 80' lang='lat'>35.</span> <span class='ocrx_word' id='word_1_190' title='bbox 1017 2049 1080 2113; x_wconf 90' lang='grc'>262,</span> <span class='ocrx_word' id='word_1_191' title='bbox 1095 2053 1121 2102; x_wconf 91' lang='grc'>5.</span> 
     </span>
    </p>
   </div>
   <div class='ocr_carea' id='block_1_12' title="bbox 206 2125 1131 2369">
    <p class='ocr_par' dir='ltr' id='par_1_12' title="bbox 206 2125 1131 2369">
     <span class='ocr_line' id='line_1_23' title="bbox 213 2125 1123 2201; baseline -0.004 -15"><span class='ocrx_word' id='word_1_192' title='bbox 213 2135 275 2201; x_wconf 90' lang='grc'>264,</span> <span class='ocrx_word' id='word_1_193' title='bbox 293 2136 341 2196; x_wconf 88' lang='grc'>12;</span> <span class='ocrx_word' id='word_1_194' title='bbox 355 2135 404 2194; x_wconf 85' lang='grc'>24;</span> <span class='ocrx_word' id='word_1_195' title='bbox 425 2133 468 2188; x_wconf 91' lang='grc'>27.</span> <span class='ocrx_word' id='word_1_196' title='bbox 490 2134 551 2199; x_wconf 90' lang='grc'>266,</span> <span class='ocrx_word' id='word_1_197' title='bbox 566 2134 609 2187; x_wconf 91' lang='grc'>20.</span> <span class='ocrx_word' id='word_1_198' title='bbox 626 2133 688 2198; x_wconf 88' lang='grc'>269,</span> <span class='ocrx_word' id='word_1_199' title='bbox 700 2132 751 2190; x_wconf 86' lang='grc'>28;</span> <span class='ocrx_word' id='word_1_200' title='bbox 767 2127 866 2198; x_wconf 88' lang='lat' dir='ltr'><strong>quibus</strong></span> <span class='ocrx_word' id='word_1_201' title='bbox 884 2125 957 2182; x_wconf 89' lang='grc'>16616</span> <span class='ocrx_word' id='word_1_202' title='bbox 972 2127 1123 2199; x_wconf 59' lang='lat' dir='ltr'><strong>diopolis,</strong></span> 
     </span>
     <span class='ocr_line' id='line_1_24' title="bbox 206 2211 1123 2285; baseline -0.001 -17"><span class='ocrx_word' id='word_1_203' title='bbox 206 2219 359 2285; x_wconf 80' lang='lat' dir='ltr'><strong>parentum</strong></span> <span class='ocrx_word' id='word_1_204' title='bbox 373 2219 537 2278; x_wconf 77' lang='lat' dir='ltr'><strong>uestrorum,</strong></span> <span class='ocrx_word' id='word_1_205' title='bbox 548 2212 679 2284; x_wconf 76' lang='lat' dir='ltr'><strong>Opimius,</strong></span> <span class='ocrx_word' id='word_1_206' title='bbox 691 2211 764 2266; x_wconf 81' lang='lat' dir='ltr'><strong>duos</strong></span> <span class='ocrx_word' id='word_1_207' title='bbox 780 2211 894 2282; x_wconf 76' lang='lat' dir='ltr'><strong>litterae,</strong></span> <span class='ocrx_word' id='word_1_208' title='bbox 905 2217 1123 2283; x_wconf 80' lang='lat' dir='ltr'><strong>peremptorum,</strong></span> 
     </span>
     <span class='ocr_line' id='line_1_25' title="bbox 213 2295 1131 2369; baseline -0.001 -17"><span class='ocrx_word' id='word_1_209' title='bbox 213 2298 348 2369; x_wconf 77' lang='grc'>6661666,</span> <span class='ocrx_word' id='word_1_210' title='bbox 369 2305 395 2352; x_wconf 90' lang='lat' dir='ltr'>et</span> <span class='ocrx_word' id='word_1_211' title='bbox 407 2298 576 2369; x_wconf 77' lang='lat' dir='ltr'><strong>doctrinam,</strong></span> <span class='ocrx_word' id='word_1_212' title='bbox 597 2296 754 2365; x_wconf 70' lang='lat' dir='ltr'><strong>nectente,</strong></span> <span class='ocrx_word' id='word_1_213' title='bbox 775 2295 955 2351; x_wconf 71' lang='lat' dir='ltr'><strong>exercitando</strong></span> <span class='ocrx_word' id='word_1_214' title='bbox 969 2295 1131 2352; x_wconf 78' lang='lat' dir='ltr'><strong>docentium</strong></span> 
     </span>
    </p>
   </div>
   <div class='ocr_carea' id='block_1_13' title="bbox 214 2379 1202 2452">
    <p class='ocr_par' dir='ltr' id='par_1_13' title="bbox 214 2379 1202 2452">
     <span class='ocr_line' id='line_1_26' title="bbox 214 2379 1202 2452; baseline 0.001 -17"><span class='ocrx_word' id='word_1_215' title='bbox 214 2394 329 2452; x_wconf 72' lang='grc'>666666,</span> <span class='ocrx_word' id='word_1_216' title='bbox 343 2381 431 2452; x_wconf 78' lang='lat' dir='ltr'><strong>filium</strong></span> <span class='ocrx_word' id='word_1_217' title='bbox 445 2383 596 2452; x_wconf 76' lang='lat' dir='ltr'><strong>comitetur,</strong></span> <span class='ocrx_word' id='word_1_218' title='bbox 611 2379 734 2435; x_wconf 83' lang='lat' dir='ltr'><strong>obsolute</strong></span> <span class='ocrx_word' id='word_1_219' title='bbox 750 2385 920 2452; x_wconf 88' lang='lat' dir='ltr'><strong>properante</strong></span> <span class='ocrx_word' id='word_1_220' title='bbox 933 2380 1039 2438; x_wconf 89' lang='lat' dir='ltr'><strong>calamo</strong></span> <span class='ocrx_word' id='word_1_221' title='bbox 1050 2381 1123 2436; x_wconf 87' lang='lat' dir='ltr'><strong>scri-</strong></span> <span class='ocrx_word' id='word_1_222' title='bbox 1201 2383 1202 2386; x_wconf 74' lang='grc'>’</span> 
     </span>
    </p>
   </div>
   <div class='ocr_carea' id='block_1_14' title="bbox 213 2463 1124 3550">
    <p class='ocr_par' dir='ltr' id='par_1_14' title="bbox 213 2463 1124 3550">
     <span class='ocr_line' id='line_1_27' title="bbox 216 2463 1123 2536; baseline 0.002 -18"><span class='ocrx_word' id='word_1_223' title='bbox 216 2463 400 2536; x_wconf 89' lang='grc'>6161666116</span> <span class='ocrx_word' id='word_1_224' title='bbox 424 2464 696 2535; x_wconf 85' lang='grc'>1661116116116666</span> <span class='ocrx_word' id='word_1_225' title='bbox 720 2477 772 2520; x_wconf 89' lang='grc'>666</span> <span class='ocrx_word' id='word_1_226' title='bbox 794 2463 933 2536; x_wconf 82' lang='lat' dir='ltr'><strong>leguntur.</strong></span> <span class='ocrx_word' id='word_1_227' title='bbox 977 2464 1041 2521; x_wconf 80' lang='lat' dir='ltr'><strong>Alia</strong></span> <span class='ocrx_word' id='word_1_228' title='bbox 1065 2466 1123 2520; x_wconf 90' lang='lat' dir='ltr'>non</span> 
     </span>
     <span class='ocr_line' id='line_1_28' title="bbox 216 2547 1123 2621; baseline 0.002 -19"><span class='ocrx_word' id='word_1_229' title='bbox 216 2547 342 2602; x_wconf 84' lang='lat' dir='ltr'><strong>correxit</strong></span> <span class='ocrx_word' id='word_1_230' title='bbox 358 2553 454 2619; x_wconf 87' lang='grc'>666116</span> <span class='ocrx_word' id='word_1_231' title='bbox 475 2547 512 2604; x_wconf 78' lang='lat' dir='ltr'>alt</span> <span class='ocrx_word' id='word_1_232' title='bbox 536 2547 600 2620; x_wconf 88' lang='lat' dir='ltr'><strong>ipso</strong></span> <span class='ocrx_word' id='word_1_233' title='bbox 623 2553 756 2620; x_wconf 91' lang='grc'>6666616,</span> <span class='ocrx_word' id='word_1_234' title='bbox 779 2553 808 2602; x_wconf 91' lang='grc'>61</span> <span class='ocrx_word' id='word_1_235' title='bbox 823 2566 851 2621; x_wconf 94' lang='lat' dir='ltr'>p.</span> <span class='ocrx_word' id='word_1_236' title='bbox 868 2553 935 2619; x_wconf 87' lang='grc'>258,</span> <span class='ocrx_word' id='word_1_237' title='bbox 949 2554 985 2609; x_wconf 91' lang='grc'>26</span> <span class='ocrx_word' id='word_1_238' title='bbox 1001 2547 1123 2612; x_wconf 68' lang='lat' dir='ltr'><strong>baccus,</strong></span> 
     </span>
     <span class='ocr_line' id='line_1_29' title="bbox 215 2625 1123 2705; baseline 0.001 -18"><span class='ocrx_word' id='word_1_239' title='bbox 215 2647 243 2704; x_wconf 91' lang='lat' dir='ltr'>p.</span> <span class='ocrx_word' id='word_1_240' title='bbox 263 2625 333 2700; x_wconf 83' lang='grc'>260,</span> <span class='ocrx_word' id='word_1_241' title='bbox 348 2631 489 2698; x_wconf 69' lang='grc'>91116616,</span> <span class='ocrx_word' id='word_1_242' title='bbox 505 2647 533 2704; x_wconf 90' lang='lat' dir='ltr'>p.</span> <span class='ocrx_word' id='word_1_243' title='bbox 550 2637 617 2703; x_wconf 91' lang='grc'>261,</span> <span class='ocrx_word' id='word_1_244' title='bbox 634 2635 665 2689; x_wconf 89' lang='grc'>14</span> <span class='ocrx_word' id='word_1_245' title='bbox 689 2631 813 2700; x_wconf 83' lang='lat' dir='ltr'><strong>Verane,</strong></span> <span class='ocrx_word' id='word_1_246' title='bbox 829 2650 856 2705; x_wconf 91' lang='lat' dir='ltr'>p.</span> <span class='ocrx_word' id='word_1_247' title='bbox 873 2639 935 2702; x_wconf 87' lang='grc'>263,</span> <span class='ocrx_word' id='word_1_248' title='bbox 952 2640 986 2692; x_wconf 88' lang='grc'>10</span> <span class='ocrx_word' id='word_1_249' title='bbox 1002 2632 1123 2703; x_wconf 81' lang='lat' dir='ltr'><strong>Crateri,</strong></span> 
     </span>
     <span class='ocr_line' id='line_1_30' title="bbox 215 2716 1123 2788; baseline -0.001 -15"><span class='ocrx_word' id='word_1_250' title='bbox 215 2733 243 2788; x_wconf 87' lang='lat' dir='ltr'>p.</span> <span class='ocrx_word' id='word_1_251' title='bbox 259 2720 326 2784; x_wconf 88' lang='grc'>269,</span> <span class='ocrx_word' id='word_1_252' title='bbox 342 2722 375 2774; x_wconf 88' lang='grc'>15</span> <span class='ocrx_word' id='word_1_253' title='bbox 390 2731 547 2772; x_wconf 81' lang='grc'>6666666666</span> <span class='ocrx_word' id='word_1_254' title='bbox 565 2722 591 2771; x_wconf 88' lang='grc'>61</span> <span class='ocrx_word' id='word_1_255' title='bbox 605 2722 781 2787; x_wconf 80' lang='grc'>6616666666,</span> <span class='ocrx_word' id='word_1_256' title='bbox 803 2733 830 2788; x_wconf 88' lang='lat' dir='ltr'>p.</span> <span class='ocrx_word' id='word_1_257' title='bbox 847 2722 910 2788; x_wconf 91' lang='grc'>270,</span> <span class='ocrx_word' id='word_1_258' title='bbox 927 2716 1123 2787; x_wconf 71' lang='grc'>1061166166,</span> 
     </span>
     <span class='ocr_line' id='line_1_31' title="bbox 215 2798 1123 2874; baseline 0.002 -20"><span class='ocrx_word' id='word_1_259' title='bbox 215 2814 268 2856; x_wconf 88' lang='lat' dir='ltr'>nec</span> <span class='ocrx_word' id='word_1_260' title='bbox 285 2798 417 2856; x_wconf 88' lang='lat' dir='ltr'><strong>omissum</strong></span> <span class='ocrx_word' id='word_1_261' title='bbox 435 2805 543 2874; x_wconf 87' lang='grc'>6267,</span> <span class='ocrx_word' id='word_1_262' title='bbox 564 2806 582 2860; x_wconf 83' lang='grc'>8</span> <span class='ocrx_word' id='word_1_263' title='bbox 601 2801 725 2872; x_wconf 81' lang='lat' dir='ltr'><strong>quicum</strong></span> <span class='ocrx_word' id='word_1_264' title='bbox 741 2801 891 2873; x_wconf 86' lang='lat' dir='ltr'><strong>supplevit.</strong></span> <span class='ocrx_word' id='word_1_265' title='bbox 936 2800 1002 2856; x_wconf 87' lang='lat' dir='ltr'>Tum</span> <span class='ocrx_word' id='word_1_266' title='bbox 1022 2800 1123 2856; x_wconf 88' lang='lat' dir='ltr'><strong>conie-</strong></span> 
     </span>
     <span class='ocr_line' id='line_1_32' title="bbox 214 2883 1123 2958; baseline 0.002 -20"><span class='ocrx_word' id='word_1_267' title='bbox 214 2884 315 2940; x_wconf 84' lang='lat' dir='ltr'><strong>ctando</strong></span> <span class='ocrx_word' id='word_1_268' title='bbox 332 2900 442 2956; x_wconf 87' lang='lat' dir='ltr'><strong>quoque</strong></span> <span class='ocrx_word' id='word_1_269' title='bbox 456 2884 605 2941; x_wconf 88' lang='lat' dir='ltr'><strong>Pontannm</strong></span> <span class='ocrx_word' id='word_1_270' title='bbox 620 2883 771 2941; x_wconf 87' lang='lat' dir='ltr'><strong>indulsisse</strong></span> <span class='ocrx_word' id='word_1_271' title='bbox 789 2886 909 2957; x_wconf 87' lang='lat' dir='ltr'><strong>produnt</strong></span> <span class='ocrx_word' id='word_1_272' title='bbox 923 2901 1006 2957; x_wconf 83' lang='lat' dir='ltr'><strong>supra</strong></span> <span class='ocrx_word' id='word_1_273' title='bbox 1021 2885 1123 2958; x_wconf 88' lang='grc'>611611-</span> 
     </span>
     <span class='ocr_line' id='line_1_33' title="bbox 214 2968 1124 3042; baseline 0.005 -19"><span class='ocrx_word' id='word_1_274' title='bbox 214 2984 276 3024; x_wconf 87' lang='lat' dir='ltr'>nam</span> <span class='ocrx_word' id='word_1_275' title='bbox 291 2968 455 3042; x_wconf 86' lang='lat' dir='ltr'><strong>scripturam</strong></span> <span class='ocrx_word' id='word_1_276' title='bbox 472 2969 564 3026; x_wconf 91' lang='grc'>666116</span> <span class='ocrx_word' id='word_1_277' title='bbox 585 2971 669 3025; x_wconf 90' lang='lat' dir='ltr'><strong>haec:</strong></span> <span class='ocrx_word' id='word_1_278' title='bbox 687 2987 715 3042; x_wconf 94' lang='grc'>6.</span> <span class='ocrx_word' id='word_1_279' title='bbox 736 2974 799 3040; x_wconf 88' lang='grc'>257,</span> <span class='ocrx_word' id='word_1_280' title='bbox 816 2972 833 3028; x_wconf 92' lang='grc'>7</span> <span class='ocrx_word' id='word_1_281' title='bbox 850 2975 942 3025; x_wconf 87' lang='lat' dir='ltr'><strong>uotum</strong></span> <span class='ocrx_word' id='word_1_282' title='bbox 960 2975 1001 3025; x_wconf 79' lang='lat' dir='ltr'>eet</span> <span class='ocrx_word' id='word_1_283' title='bbox 1013 2985 1063 3040; x_wconf 88' lang='grc'>66,</span> <span class='ocrx_word' id='word_1_284' title='bbox 1086 2975 1124 3030; x_wconf 80' lang='grc'>23</span> 
     </span>
     <span class='ocr_line' id='line_1_34' title="bbox 214 3051 1122 3126; baseline 0.006 -19"><span class='ocrx_word' id='word_1_285' title='bbox 214 3057 405 3123; x_wconf 83' lang='lat' dir='ltr'><strong>retrectarent,</strong></span> <span class='ocrx_word' id='word_1_286' title='bbox 421 3053 577 3114; x_wconf 61' lang='grc'>2817661166</span> <span class='ocrx_word' id='word_1_287' title='bbox 593 3059 620 3107; x_wconf 87' lang='lat' dir='ltr'>et</span> <span class='ocrx_word' id='word_1_288' title='bbox 630 3051 663 3119; x_wconf 80' lang='lat' dir='ltr'>Q.</span> <span class='ocrx_word' id='word_1_289' title='bbox 685 3070 713 3125; x_wconf 93' lang='lat' dir='ltr'>p.</span> <span class='ocrx_word' id='word_1_290' title='bbox 722 3058 783 3124; x_wconf 93' lang='grc'>262,</span> <span class='ocrx_word' id='word_1_291' title='bbox 799 3059 833 3114; x_wconf 86' lang='grc'>36</span> <span class='ocrx_word' id='word_1_292' title='bbox 847 3053 978 3124; x_wconf 82' lang='lat' dir='ltr'><strong>Miretur,</strong></span> <span class='ocrx_word' id='word_1_293' title='bbox 994 3071 1022 3126; x_wconf 88' lang='lat' dir='ltr'>p.</span> <span class='ocrx_word' id='word_1_294' title='bbox 1032 3059 1122 3124; x_wconf 88' lang='grc'>265,9</span> 
     </span>
     <span class='ocr_line' id='line_1_35' title="bbox 213 3137 1121 3210; baseline 0.004 -20"><span class='ocrx_word' id='word_1_295' title='bbox 213 3137 338 3208; x_wconf 71' lang='lat' dir='ltr'><strong>cicade,</strong></span> <span class='ocrx_word' id='word_1_296' title='bbox 351 3154 380 3210; x_wconf 91' lang='grc'>6.</span> <span class='ocrx_word' id='word_1_297' title='bbox 397 3139 680 3207; x_wconf 61' lang='grc'>2662066666,</span> <span class='ocrx_word' id='word_1_298' title='bbox 701 3154 729 3209; x_wconf 89' lang='lat' dir='ltr'>p.</span> <span class='ocrx_word' id='word_1_299' title='bbox 746 3143 863 3208; x_wconf 78' lang='grc'>211,11</span> <span class='ocrx_word' id='word_1_300' title='bbox 879 3139 1014 3196; x_wconf 84' lang='lat' dir='ltr'><strong>adornate</strong></span> <span class='ocrx_word' id='word_1_301' title='bbox 1027 3144 1058 3194; x_wconf 89' lang='lat' dir='ltr'>ut</span> <span class='ocrx_word' id='word_1_302' title='bbox 1072 3153 1121 3207; x_wconf 88' lang='grc'>66,</span> 
     </span>
     <span class='ocr_line' id='line_1_36' title="bbox 214 3218 1121 3295; baseline 0.004 -21"><span class='ocrx_word' id='word_1_303' title='bbox 214 3222 243 3274; x_wconf 86' lang='lat' dir='ltr'>et</span> <span class='ocrx_word' id='word_1_304' title='bbox 255 3235 285 3291; x_wconf 90' lang='lat' dir='ltr'>p.</span> <span class='ocrx_word' id='word_1_305' title='bbox 300 3226 368 3291; x_wconf 89' lang='grc'>262,</span> <span class='ocrx_word' id='word_1_306' title='bbox 383 3229 416 3282; x_wconf 87' lang='grc'>81</span> <span class='ocrx_word' id='word_1_307' title='bbox 431 3221 479 3277; x_wconf 89' lang='lat' dir='ltr'>ubi</span> <span class='ocrx_word' id='word_1_308' title='bbox 493 3223 648 3294; x_wconf 76' lang='grc'>6661666116</span> <span class='ocrx_word' id='word_1_309' title='bbox 662 3237 680 3275; x_wconf 90' lang='grc'>6</span> <span class='ocrx_word' id='word_1_310' title='bbox 700 3218 820 3295; x_wconf 78' lang='grc' dir='ltr'><em>γεωργῶ</em></span> <span class='ocrx_word' id='word_1_311' title='bbox 836 3223 895 3279; x_wconf 89' lang='lat' dir='ltr'><strong>colo</strong></span> <span class='ocrx_word' id='word_1_312' title='bbox 909 3229 1014 3278; x_wconf 86' lang='lat' dir='ltr'><strong>terrum</strong></span> <span class='ocrx_word' id='word_1_313' title='bbox 1032 3237 1121 3294; x_wconf 87' lang='lat' dir='ltr'><strong>repc-</strong></span> 
     </span>
     <span class='ocr_line' id='line_1_37' title="bbox 214 3301 1121 3364; baseline 0.009 -9"><span class='ocrx_word' id='word_1_314' title='bbox 214 3301 332 3359; x_wconf 88' lang='lat' dir='ltr'><strong>nendum</strong></span> <span class='ocrx_word' id='word_1_315' title='bbox 347 3321 411 3361; x_wconf 88' lang='lat' dir='ltr'><strong>esse</strong></span> <span class='ocrx_word' id='word_1_316' title='bbox 434 3304 611 3363; x_wconf 81' lang='lat' dir='ltr'><strong>existimavit.</strong></span> <span class='ocrx_word' id='word_1_317' title='bbox 654 3304 743 3360; x_wconf 85' lang='lat' dir='ltr'><strong>Etiam</strong></span> <span class='ocrx_word' id='word_1_318' title='bbox 763 3307 791 3361; x_wconf 92' lang='lat' dir='ltr'><strong>in</strong></span> <span class='ocrx_word' id='word_1_319' title='bbox 814 3305 906 3364; x_wconf 90' lang='lat' dir='ltr'><strong>libelli</strong></span> <span class='ocrx_word' id='word_1_320' title='bbox 927 3306 1009 3363; x_wconf 89' lang='lat' dir='ltr'><strong>tilulo</strong></span> <span class='ocrx_word' id='word_1_321' title='bbox 1029 3307 1121 3363; x_wconf 80' lang='lat' dir='ltr'><strong>verba</strong></span> 
     </span>
     <span class='ocr_line' id='line_1_38' title="bbox 213 3381 1121 3462; baseline 0.004 -22"><span class='ocrx_word' id='word_1_322' title='bbox 213 3381 257 3440; x_wconf 84' lang='lat' dir='ltr'>De</span> <span class='ocrx_word' id='word_1_323' title='bbox 267 3387 333 3441; x_wconf 74' lang='lat' dir='ltr'><strong>airu</strong></span> <span class='ocrx_word' id='word_1_324' title='bbox 347 3389 495 3446; x_wconf 73' lang='lat' dir='ltr'><strong>illustribus</strong></span> <span class='ocrx_word' id='word_1_325' title='bbox 509 3390 577 3445; x_wconf 76' lang='lat' dir='ltr'><strong>letter</strong></span> <span class='ocrx_word' id='word_1_326' title='bbox 592 3395 620 3444; x_wconf 92' lang='grc'>61</span> <span class='ocrx_word' id='word_1_327' title='bbox 635 3388 814 3446; x_wconf 65' lang='lat' dir='ltr'><strong>(trementum</strong></span> <span class='ocrx_word' id='word_1_328' title='bbox 825 3391 946 3446; x_wconf 76' lang='lat' dir='ltr'><strong>illustres</strong></span> <span class='ocrx_word' id='word_1_329' title='bbox 962 3388 1028 3462; x_wconf 89' lang='lat' dir='ltr'><strong>quin</strong></span> <span class='ocrx_word' id='word_1_330' title='bbox 1043 3389 1121 3445; x_wconf 89' lang='lat' dir='ltr'><strong>idem</strong></span> 
     </span>
     <span class='ocr_line' id='line_1_39' title="bbox 213 3467 1121 3550; baseline 0.008 -28"><span class='ocrx_word' id='word_1_331' title='bbox 213 3467 364 3540; x_wconf 78' lang='lat' dir='ltr'><strong>addiderit,</strong></span> <span class='ocrx_word' id='word_1_332' title='bbox 379 3472 505 3530; x_wconf 88' lang='lat' dir='ltr'><strong>dubitare</strong></span> <span class='ocrx_word' id='word_1_333' title='bbox 520 3489 575 3530; x_wconf 89' lang='lat' dir='ltr'>non</span> <span class='ocrx_word' id='word_1_334' title='bbox 592 3473 733 3531; x_wconf 89' lang='grc'>61666166</span> <span class='ocrx_word' id='word_1_335' title='bbox 749 3474 907 3547; x_wconf 77' lang='grc'>6666616116</span> <span class='ocrx_word' id='word_1_336' title='bbox 922 3493 949 3550; x_wconf 93' lang='lat' dir='ltr'>p.</span> <span class='ocrx_word' id='word_1_337' title='bbox 964 3478 1016 3536; x_wconf 86' lang='grc'>288</span> <span class='ocrx_word' id='word_1_338' title='bbox 1033 3489 1121 3546; x_wconf 89' lang='grc'>6166-</span> 
     </span>
    </p>
   </div>
   <div class='ocr_carea' id='block_1_15' title="bbox 0 0 1222 3908">
    <p class='ocr_par' dir='ltr' id='par_1_15' title="bbox 0 0 1222 3908">
     <span class='ocr_line' id='line_1_40' title="bbox 0 0 1222 3908; baseline 0 0"><span class='ocrx_word' id='word_1_339' title='bbox 0 0 1222 3908; x_wconf 95' lang='lat' dir='ltr'> </span> 
     </span>
    </p>
   </div>
  </div>
 </body>
</html>
