2466 3896
510 245 679 294 muamus.
1035 232 1094 294 rot

11 415 12 430 ¹
100 402 141 462 nti
162 398 294 476 solebat,
318 401 382 477 regi
396 400 552 462 videretur.
583 400 658 460 Tulit
675 401 760 461 etiam
774 399 944 479 perindigne
960 407 1053 459 actum
1068 389 1100 458 in

102 493 219 561 senatu,
241 492 270 543 ut
289 484 378 544 titulis
402 485 461 545 suis
483 484 563 564 quasi
579 486 719 561 Augusti,
740 487 779 545 ita
800 493 829 544 et
843 484 969 544 liviae
990 483 1096 544 filius

102 569 274 630 adiceretur.
304 568 400 643 Quare
419 586 477 629 non
500 577 690 648 parentem
705 568 846 646 patriae
863 567 1022 647 appellari,
1039 584 1097 627 non

100 653 189 714 ullum
207 652 348 729 insignem
364 652 503 713 honorem
520 652 655 730 recipere
671 652 788 731 publice
804 670 908 731 passus
924 661 983 722 est;
999 651 1051 711 sed
1068 658 1098 710 et

79 739 270 815 tfrequenter
292 736 450 815 admonuit,
469 735 625 797 maioribus
648 754 703 795 nec
718 737 842 795 feminae
860 736 1096 796 convenientibus

100 820 229 898 negotiis
243 819 594 901 abstineret„praecipue
607 829 638 879 ut
650 819 856 897 animadvertit,
870 819 1005 880 incendio
1019 822 1097 879 iuxta

102 904 203 966 aedem
220 905 330 966 Vestae
351 914 380 964 et
401 906 494 984 ipsam
513 905 704 964 intervenisse
725 903 919 983 populumque
938 913 967 963 et
980 901 1097 981 milites,

11 1045 24 1072 n
103 1006 159 1070 quo
174 989 286 1048 enixius
302 1006 388 1067 opem
403 990 524 1065 ferrent,
539 988 726 1064 adhortatam,
741 989 816 1047 sicut
827 986 879 1046 sub
894 988 995 1048 marito
1013 987 1099 1047 solita

10 1077 12 1126 l
102 1083 192 1134 esset.
219 1072 332 1133 Dehinc
348 1073 383 1133 ad
401 1074 570 1133 simultatem
584 1091 675 1152 usque
692 1073 838 1150 processit
855 1071 926 1150 lrac,
945 1080 975 1130 ut
992 1070 1139 1147 ferunttl

10 1159 11 1170 ¹
66 1183 93 1225 ιο
102 1157 138 1218 de
159 1176 256 1218 causa.
284 1156 403 1217 Instanti
425 1159 557 1236 saepius,
581 1166 612 1215 ut
633 1157 748 1215 civitate
771 1154 905 1215 donatum
919 1156 949 1213 in
966 1153 1098 1214 decurias

101 1241 268 1319 adlegeret,
291 1243 408 1318 negavit
428 1241 484 1301 alia
506 1259 538 1299 se
563 1239 727 1300 conditione
750 1238 942 1315 adlectumm,
967 1255 1051 1317 quam
1075 1239 1100 1297 si

101 1333 250 1408 pateretur
271 1325 377 1384 ascribi
396 1323 480 1400 albo,
506 1330 658 1384 extortum
678 1323 712 1382 id
730 1321 792 1382 sibi
813 1340 833 1382 a
856 1328 963 1382 matre.
996 1319 1035 1381 At
1049 1321 1100 1382 illa

102 1418 246 1472 commota
267 1417 384 1468 veteres
406 1407 544 1486 quosdam
560 1407 596 1467 ad
611 1426 644 1467 so
659 1406 783 1484 Augusti
800 1405 951 1467 codicillos
967 1404 1003 1465 de
1019 1422 1099 1464 acer·

10 1519 13 1536 ·
100 1494 192 1554 bitate
216 1502 246 1552 et
267 1492 450 1552 intolerantia
473 1509 583 1551 morum
605 1492 667 1551 eius
690 1509 706 1550 e
727 1491 854 1552 sacrario
877 1489 996 1570 protulit
1015 1497 1100 1567 atque

64 1577 246 1638 tereoitavit.
270 1576 332 1636 llos
350 1584 378 1636 et
399 1576 559 1636 custoditos
580 1584 637 1636 tam
659 1575 706 1634 diu
725 1584 754 1635 et
773 1574 968 1654 exprobratos
984 1583 1041 1634 tarn
1058 1573 1099 1632 in·

102 1663 180 1722 feste
210 1661 283 1722 adeo
309 1662 438 1739 graviter
466 1661 545 1736 tulit,
570 1669 601 1719 ut
625 1659 738 1738 quidam
759 1668 875 1738 putent,
901 1660 976 1719 inter
999 1674 1101 1718 causas

9 1791 15 1818 ‚
104 1764 241 1806 secessus
257 1745 375 1804 hancei
391 1744 439 1805 vel
451 1745 637 1823 praecipuam
651 1745 751 1803 fuisse.
786 1742 862 1804 Toto
880 1742 995 1821 quidem
1014 1743 1100 1801 trion·

104 1830 169 1907 nio,
199 1846 256 1910 quo
279 1831 394 1889 vivente
417 1838 506 1888 matre
527 1828 610 1905 afuit,
638 1827 728 1887 semel
749 1829 864 1887 omniuo
887 1845 949 1887 eam
966 1843 1022 1886 nec
1044 1842 1100 1884 arn·

103 1913 180 1992 plius
198 1931 282 1992 quam
303 1930 360 1972 uno
383 1911 429 1972 die
450 1913 630 1990 paucissimis
651 1912 722 1971 vidit
743 1911 840 1980 horis;
862 1929 896 1971 ac
917 1927 986 1970 mox
1006 1925 1101 1987 neque

64 2015 213 2074 soaegrae
241 1995 344 2057 adesse
369 1997 478 2056 curavit
497 1995 717 2075 defunctamque
740 2004 785 2072 et,
808 1994 873 2054 dum
896 1994 1035 2054 adventus
1057 1991 1102 2050 sui

105 2098 187 2160 spem
216 2081 302 2158 facit,
332 2080 519 2159 complurium
547 2079 655 2139 dierum
675 2095 758 2139 mora
780 2086 915 2157 corrupto
939 2077 1050 2136 demum
1073 2081 1103 2133 et

105 2163 203 2224 tabido
236 2181 361 2243 corpore
390 2165 548 2224 funeratam
576 2163 722 2242 prohibuit
748 2162 932 2238 consecrari,
968 2161 1049 2239 quasi
1073 2155 1102 2216 id

9 2299 13 2308 .
104 2248 169 2327 ipsa
180 2247 354 2309 mandasset.
379 2247 590 2308 Testamentum
607 2265 724 2327 quoque
742 2247 804 2305 eius
823 2263 876 2324 pro
894 2246 975 2304 irrito
993 2242 1101 2316 habuit,

106 2334 254 2411 omnisque
271 2333 410 2393 amicitias
433 2341 463 2391 et
482 2331 703 2407 familiaritates,
722 2332 806 2390 etiam
823 2328 926 2408 quibus
941 2346 975 2389 ea
992 2326 1102 2386 funeris

68 2417 150 2480 msui
162 2434 259 2476 cruam
273 2417 399 2477 moriens
409 2415 641 2491 demandaverat,
655 2418 729 2474 intra
748 2413 838 2473 breve
858 2422 971 2491 tempus
990 2410 1102 2488 affixit,

9 2571 10 2584 χ
105 2518 163 2561 uno
180 2519 219 2560 ex
236 2501 282 2576 iis,
300 2500 444 2579 equestris
463 2499 570 2560 ordinis
584 2501 659 2577 viro,
678 2507 707 2558 et
724 2500 752 2557 in
771 2497 886 2558 antliam
902 2495 1102 2557 condemnato.

169 2583 307 2644 Filiorum
326 2601 420 2664 neque
434 2583 592 2644 naturalem
604 2582 726 2642 Drusum
740 2599 836 2659 neque
851 2582 1016 2659 adoptivum
1033 2577 1144 2645 Ger-52

105 2669 246 2728 monicum
268 2669 359 2746 patria
381 2667 500 2727 caritate
513 2667 624 2744 dilexit,
641 2667 758 2726 alterius
773 2667 850 2726 vitiis
870 2666 1008 2725 infensus.
1030 2661 1103 2721 Nam

104 2752 216 2812 Drusus
231 2751 360 2812 fluxioris
381 2752 612 2828 remissiorisque
633 2752 709 2811 vitae
724 2758 795 2810 erat.
828 2749 928 2827 ltaque
940 2766 976 2806 ne
990 2753 1102 2806 mortuo

71 2850 97 2891 to
109 2834 223 2915 quidem
245 2835 365 2914 perinde
380 2835 511 2897 adfectus
527 2843 581 2911 est,
598 2833 650 2894 sed
666 2843 773 2894 tantum
787 2850 846 2893 non
860 2834 953 2892 statim
969 2848 984 2889 a
1001 2829 1103 2888 funere

107 2919 144 2981 ad
171 2922 355 2998 negotfomm
383 2917 618 2992 consuetudinem
644 2917 746 2994 rediit,
775 2917 881 2978 iustitio
904 2915 1040 2991 longiore
1061 2914 1103 2971 in-

106 3002 209 3065 hibito.
243 3004 317 3078 Quin
339 3013 369 3063 et
388 3003 533 3063 Iliensium
548 3002 654 3080 legatis
667 3001 754 3081 paulo
769 3002 862 3060 serius
878 2995 1104 3073 consolantibus,

108 3090 190 3167 quasi
217 3086 369 3148 obliterata
393 3088 449 3148 iam
477 3087 586 3147 doloris
607 3086 758 3162 memoria,
787 3085 909 3144 irridens
931 3099 967 3142 se
987 3097 1105 3160 qaoque

107 3172 259 3251 respondit
275 3171 370 3233 oleon
390 3189 494 3233 corum
511 3171 631 3248 dolere,
654 3169 736 3250 quod
753 3168 906 3249 egregium
927 3166 1022 3228 sicem
1042 3161 1102 3224 lle·

74 3263 225 3317 tectorem
245 3255 429 3316 omisissent.
462 3254 631 3316 Germanico
652 3271 743 3331 usque
767 3252 840 3313 adeo
863 3249 1050 3324 obtrectavit,
1076 3255 1106 3306 ut

110 3348 138 3399 et
165 3340 316 3419 praeclara
341 3340 418 3401 facta
440 3341 501 3399 eius
521 3357 575 3418 pro
598 3337 786 3416 supervacuis
806 3335 928 3396 eleuarit
948 3342 975 3394 et
997 3333 1105 3410 glorio·

111 3424 240 3484 sissimas
268 3425 405 3484 victorias
431 3441 485 3483 ceu
514 3423 664 3484 damnosas
691 3422 735 3481 rei
757 3439 786 3500 p.
808 3421 982 3497 increparet.
1022 3412 1106 3491 Quod

9 3499 31 3592 ,¹-
111 3523 190 3568 vero·
206 3507 418 3568 Alexandream
436 3516 558 3587 propter
578 3509 742 3566 immensam
762 3513 791 3564 et
809 3502 989 3581 repentinam
1003 3500 1106 3560 famem
