2450 3910
139 223 204 288 216
225 234 256 284 c.
268 234 418 284 sonnour
429 233 556 294 ursano.
568 235 616 282 oe
628 235 711 286 mss
722 233 906 284 cassanum
916 236 986 283 nus.
997 234 1059 282 vn.

104 390 107 397 '
140 391 259 452 nitentia
275 408 359 469 quam
374 406 490 449 suorum
506 388 700 450 obtestatione
715 389 838 468 obligari
854 392 1006 471 curarique
1022 409 1055 451 se
1070 409 1138 470 pes-

142 496 208 552 sus,
225 476 254 533 in
269 473 371 534 eodem
387 473 516 534 custodia
530 473 632 534 morbo
652 475 747 552 periit.
764 473 795 534 L.
814 493 852 536 ex
868 475 1019 535 consulatu
1033 477 1139 550 Syriae

141 559 342 639 praepositus,
364 557 540 617 Artabanum
562 557 729 619 Parthorum
753 576 856 636 regem
884 561 999 620 summis
1026 559 1137 619 artibus

142 661 199 703 non
214 642 300 702 modo
316 640 352 703 ad
368 641 552 722 conloquium
568 660 659 719 suum,
675 642 728 702 sed
746 644 831 703 etiam
850 643 886 704 ad
906 642 1072 704 veneranda
1093 643 1136 702 le·
1210 667 1211 678 ι

141 730 258 806 gicnum
273 728 357 808 signa
369 727 500 806 pellexit.
532 725 602 787 tlox
623 744 687 785 cum
706 724 827 787 Claudio
847 729 979 807 principe
999 727 1073 787 duos
1091 728 1156 794 irs-³

142 831 233 892 super
246 810 409 874 ordinarios
424 810 590 873 consulatus
603 828 812 890 censuramque
824 813 925 890 gessit.
949 810 1052 878 Coram
1064 827 1135 889 quo·

143 915 200 977 que
215 897 327 975 imperii
341 897 485 972 sustinuit,
502 894 624 958 absente
641 911 677 964 eo
697 896 884 973 expeditione
896 895 1073 964 Britanniam
1091 896 1136 956 uir

142 983 282 1044 innocens
300 989 329 1040 et
345 980 510 1056 industrius,
527 977 692 1043 sedamcre
709 979 861 1041 libertinae
878 979 1064 1059 perinfamis,
1087 997 1134 1042 us·

141 1067 185 1128 ius
205 1065 290 1126 etiam
305 1064 403 1128 salivis
420 1063 509 1124 melle
524 1063 699 1139 commixtis,
719 1082 757 1124 ne
779 1065 853 1144 clam
868 1065 983 1144 quidem
997 1073 1045 1124 aut
1065 1081 1134 1126 roro

142 1152 196 1211 sed
212 1148 318 1210 cotidie
340 1166 375 1210 oc
397 1148 507 1227 palam,
523 1149 645 1208 arterias
661 1157 691 1208 et
704 1147 806 1208 lauces
825 1166 880 1226 pro
900 1147 1029 1209 remedio
1051 1147 1172 1214 tore-n

141 1235 200 1296 bat.
221 1233 301 1296 ldem
314 1234 376 1294 miri
392 1233 420 1294 in
435 1231 577 1295 adulando
591 1233 709 1310 ingenii,
727 1233 835 1311 primus
849 1230 882 1292 C.
896 1231 1051 1294 Gaesarem
1065 1232 1134 1294 ado·

141 1337 207 1381 rare
222 1326 253 1377 ut
266 1317 351 1378 deum
366 1318 495 1393 instituit,
513 1334 577 1379 cum
590 1334 728 1376 reversus
743 1335 782 1377 ex
797 1316 948 1392 Syrisnon
959 1317 1045 1378 aliter
1055 1316 1134 1376 adire

142 1421 228 1465 ausus
243 1411 323 1462 esset
340 1419 424 1480 quom
436 1402 536 1479 capite
553 1401 651 1462 velato
667 1403 950 1480 circumvertessque
966 1419 1015 1477 se,
1030 1400 1134 1464 deinde
1210 1433 1211 1436 ¹

141 1486 345 1568 procumbens.
380 1482 529 1545 Claudium
541 1485 679 1546 uxoribus
695 1485 865 1565 libertisque
877 1486 1021 1547 addictum
1034 1502 1070 1547 no
1079 1501 1134 1564 qun
1210 1545 1211 1560 ,

140 1589 199 1632 non
212 1565 273 1630 art'e
289 1569 498 1645 demereretur,
513 1587 567 1648 pro
581 1571 706 1629 maximo
720 1587 839 1632 munere
855 1569 1042 1632 allessalina
1052 1569 1133 1647 petit,
1144 1587 1171 1634 rs
1210 1582 1211 1612 l

141 1665 172 1716 ut
190 1655 245 1714 sibi
259 1654 351 1732 pedes
373 1652 530 1731 praeberet
552 1653 773 1724 excalciandos;
796 1654 1013 1735 detractumque
1031 1669 1133 1716 socon·
1210 1645 1211 1656 ’

141 1739 200 1802 lum
218 1737 348 1801 dextrum
364 1735 438 1797 int'er
452 1745 549 1814 togam
567 1739 739 1816 tunicasque
761 1740 888 1816 gestavit
908 1739 1040 1814 assidue,
1064 1754 1137 1798 ncn-

142 1839 294 1900 numquam
307 1820 531 1884 osculabundus.
563 1819 692 1882 Narcissi
709 1839 825 1900 quoque
841 1832 871 1883 et
887 1822 1024 1884 Pallantis
1036 1823 1137 1900 imagi·

142 1926 195 1968 nes
209 1924 313 1968 aureas
328 1907 403 1966 inter
415 1905 504 1967 Lares
521 1904 619 1967 coluit.
652 1905 742 1968 Huius
757 1916 785 1967 et
799 1906 849 1968 illa
869 1925 928 1967 vox
950 1915 1011 1968 est:
1031 1905 1139 1984 Saepe
1210 1937 1211 1989 p

140 1991 267 2072 socios!
290 2009 354 2051 cum
370 1990 544 2054 Saeculares
565 1989 651 2050 ludos
674 1991 772 2052 edenti
790 1991 907 2052 claudio
926 1991 1172 2069 gratularetur.so
1210 1991 1211 2078 l

114 2077 279 2146 abscessit
295 2075 422 2154 paralysi
437 2075 530 2136 altero
543 2075 589 2135 die
606 2093 688 2152 quam
704 2085 857 2155 correptus
870 2084 925 2151 est,
942 2074 1055 2140 duobus
1067 2075 1137 2136 liliis
1210 2097 1211 2146 ς

142 2160 359 2240 superstitibus,
373 2177 447 2239 quos
462 2177 500 2220 ex
515 2159 636 2220 Sextilia
653 2159 855 2239 probatissima
870 2178 928 2220 nec
949 2159 1070 2238 ignobili
1090 2158 1137 2220 fe·
1210 2147 1211 2206 l

141 2248 215 2307 mins
230 2247 324 2307 editos
340 2244 476 2304 eonsules
492 2244 578 2319 vidit,
596 2253 625 2303 et
643 2244 757 2322 quidem
772 2245 877 2308 eodem
891 2244 992 2306 ambos
1013 2253 1139 2322 totoque
1210 2245 1211 2260 ³

142 2348 228 2406 anno,
244 2348 307 2392 cum
320 2330 420 2391 maiori
437 2329 530 2388 minor
545 2329 573 2386 in
588 2346 642 2390 sex
656 2347 773 2388 menses
787 2330 992 2391 successisset.
1024 2327 1137 2390 Delon·

144 2422 219 2474 otum
234 2423 351 2473 senatus
366 2412 485 2491 publico
500 2412 602 2472 funere
617 2413 785 2491 honoravit,
808 2416 876 2474 itern
896 2423 989 2474 statua
1011 2430 1064 2493 pro
1085 2429 1172 2480 roos
1210 2405 1211 2416 ¹

143 2498 211 2557 stris
232 2497 594 2575 cumhacinscriptione:
627 2499 785 2576 pietatis
817 2497 1015 2560 immobilis
1044 2514 1138 2576 erga
1210 2515 1211 2556 ι

169 2599 356 2658 nuncupem.

143 2599 161 2661 p
183 2665 221 2726 A.
232 2664 367 2726 Vitellius
385 2664 416 2726 L.
430 2665 504 2725 lilius
515 2663 677 2743 Imperator
693 2676 776 2727 natus
794 2676 840 2728 est
856 2666 933 2727 Vlll.
944 2665 992 2727 lll.
1003 2664 1067 2727 Oct.
1083 2667 1139 2727 vel
1210 2703 1211 2740 ,

142 2760 171 2810 ut
180 2750 294 2829 quidam
304 2749 367 2810 Vll.
380 2748 422 2812 ld.
434 2750 515 2828 Sept.
526 2747 622 2808 Druso
636 2747 775 2826 Caesare,
788 2751 922 2812 llorbano
929 2749 1039 2812 Flacco
1051 2767 1137 2812 cons.
1210 2767 1211 2820 1

142 2833 305 2896 Genituram
319 2834 382 2894 eius
397 2834 574 2913 praedictam
595 2835 835 2896 amathematicis
858 2837 896 2896 ita
919 2845 1055 2914 parentes
1082 2852 1175 2902 ex-as
1210 2829 1211 2898 i

141 2917 328 2996 horruerunt,
345 2928 375 2979 ot
390 2927 474 2998 pater
492 2935 596 2996 magno
620 2935 713 2998 opere
735 2938 853 2999 semper
877 2919 1074 2997 contenderit,
1095 2937 1140 2981 ne
1210 2927 1211 2974 ἶ

142 3021 197 3082 qua
213 3005 240 3064 ei
255 3004 406 3083 provincia
420 3006 487 3063 vivo
505 3021 538 3062 se
555 3005 792 3082 committeretur,
807 3013 899 3066 mater
914 3013 943 3064 et
964 3006 1081 3065 missum
1097 3006 1139 3068 ad

141 3087 275 3166 legiones
298 3097 328 3147 et
348 3089 525 3167 appellatum
546 3088 752 3165 imperatorem
774 3106 827 3167 pro
849 3089 958 3149 aldicto
980 3090 1076 3150 statim
1091 3087 1139 3150 la·
1210 3067 1211 3100 ³

140 3181 264 3234 mentata
288 3173 334 3232 sit.
373 3171 526 3233 Pueritiam
551 3173 728 3251 primamque
756 3173 982 3235 adulescentiam
1011 3171 1137 3252 Capreis

142 3255 202 3331 egit
217 3256 291 3315 inter
305 3257 455 3318 Tiberiana
471 3264 586 3332 scorta,
603 3258 711 3335 etipse
729 3269 873 3337 perpetuo
890 3259 1067 3337 spintheriae
1082 3274 1122 3316 co
1143 3279 1173 3324 ss
1210 3297 1211 3308 .

84 3411 87 3423 .
118 3340 276 3414 ,gnomine
297 3349 411 3402 notatus
436 3341 675 3420 existimatusque
703 3344 836 3421 corporis
861 3345 956 3420 grstia
978 3345 1084 3403 initium
1103 3352 1135 3402 et
1210 3389 1211 3398 ,

95 3418 114 3495 ‘t'
142 3437 229 3480 causa
250 3422 490 3486 incrementorum
509 3425 583 3503 petri
602 3411 872 3570 luisse,lsequenti
895 3443 1013 3506 quoque
1036 3435 1134 3488 aetate

143 3503 272 3565 omnibus
294 3506 408 3584 probris
431 3509 647 3570 contaminatos.
687 3509 876 3589 Paeoipuum
897 3511 926 3570 in
949 3512 1013 3574 aula
1036 3511 1134 3572 locum
