2434 3908
182 174 231 221 un
516 171 728 220 PRAEFATIO.

181 334 249 392 llam
263 334 290 387 in
302 330 510 388 Polentonianis
529 331 654 404 scriptis,
670 347 785 403 quorum
802 332 893 404 gratia
909 333 1003 390 scelus
1015 327 1086 389 illud

184 415 356 475 commissum
373 432 436 472 esse
450 415 554 485 iertur,
572 416 661 471 nullas
678 415 807 473 Suetonii
823 415 939 472 lacinias
955 432 988 472 ac
1003 416 1087 489 plane

182 502 257 558 nulla
278 507 401 555 veterum
430 499 595 570 scriptorum
618 497 741 570 uestigia
767 499 820 555 nisi
842 501 1017 572 vulgatorum
1036 516 1087 554 ex-

183 592 257 642 stare
274 582 473 640 demonstravit
488 583 591 638 liitschl
610 581 637 638 in
655 582 786 653 Purergis
802 582 935 640 Plautinis
949 591 961 642 l
979 600 1007 655 p·
1023 587 1086 642 632.

246 666 345 724 Omnes
368 667 454 737 igitur
478 666 524 738 qui
550 665 728 722 inveniuntur
746 667 860 724 codices
884 665 987 724 novicii
1012 672 1088 736 sunt,

183 754 203 809 i.
223 769 248 807 e.
265 753 351 808 altera
365 757 444 823 parte
460 751 565 806 saeculi
580 749 631 806 XV
646 749 743 823 scripti
751 745 787 825 88)
802 757 833 806 ut
849 768 916 807 sane
933 750 1088 806 mirandum

182 837 220 893 sit
239 841 292 891 tam
309 834 387 892 brevi
411 840 535 906 tempora
556 840 660 890 tantam
681 834 833 890 lectionum
851 834 1043 891 diversitatum
1057 833 1087 888 in

183 920 318 991 exemplis
346 936 382 975 cx
406 934 459 974 uno
486 917 652 990 propagatis
678 918 810 974 subnasci
830 917 966 992 potuisse.
1011 917 1090 972 llaec

183 1004 309 1075 exempla
326 1001 394 1058 nulli
416 1001 477 1058 usui
493 1003 596 1070 forent,
613 1000 667 1056 nisi
685 1001 759 1058 liber
777 1001 826 1058 ille
844 1003 879 1059 ab
893 1001 1027 1057 Henocbo
1043 1000 1090 1055 iu-

183 1093 280 1144 ventus
296 1087 340 1142 vel
361 1086 483 1158 perisset
498 1086 543 1141 vel
558 1084 657 1155 ignoto
673 1084 737 1142 loco
755 1085 864 1142 lateret.
907 1084 984 1140 Nunc
995 1089 1025 1139 ut
1039 1099 1088 1139 res

183 1172 328 1241 sehabet,
347 1169 413 1226 boni
432 1169 498 1225 libri
519 1186 534 1225 a
549 1167 690 1240 corruptis
709 1167 898 1240 distinguendi
913 1174 978 1224 sunt
989 1173 1016 1224 ct
1030 1167 1089 1222 cri·

183 1255 239 1314 tico
255 1255 405 1324 diligenter
420 1252 564 1324 sequendi.

27 1335 174 1428 codteegsert·
244 1338 343 1396 libelli
365 1338 400 1393 de
413 1335 602 1392 Grammaticis
625 1341 653 1392 at
668 1335 829 1392 rhetoribus
846 1336 959 1392 codices
975 1334 1089 1408 scripti,

83 1399 97 1440 Ρ
117 1412 123 1427 ”
184 1429 312 1494 quantana
325 1420 523 1492 egocomperi,
539 1418 663 1476 universi
675 1413 1086 1492 reperiunturnumeroXV”).

183 1509 225 1562 Ex
245 1505 281 1561 iis
298 1503 437 1574 aequabili
454 1502 600 1573 diligentia
619 1504 653 1558 ad
672 1503 892 1559 emendationem
912 1503 1007 1560 collati
1023 1510 1089 1558 sant

185 1588 319 1661 quinque:
341 1587 500 1656 Leidensis,
524 1603 603 1657 quem
618 1585 755 1655 singulari
772 1588 806 1643 dc
828 1604 911 1644 caasa
927 1585 1090 1644 Perizoniu-

184 1688 247 1728 num
263 1671 413 1743 appellant,
430 1669 580 1739 Gudianus,
597 1669 800 1741 berolinensis,
816 1669 991 1743 llarleiaaus,
1009 1666 1090 1728 Pari-

185 1757 272 1812 sinus.
317 1753 357 1808 De
376 1753 411 1810 iis
425 1754 517 1809 statim
533 1752 647 1810 uberius
662 1753 780 1810 (licetur.
825 1755 948 1812 Nondum
964 1756 1088 1827 diligen-

186 1847 229 1895 ter
244 1837 392 1896 axaminati
403 1837 448 1892 rel
463 1853 497 1891 ne
513 1837 632 1909 inspecti
647 1839 756 1908 quidem
771 1847 834 1894 sunt
849 1839 914 1894 libri
929 1839 1020 1896 ltalici
1036 1855 1089 1894 no-

186 1940 263 1992 rem,
285 1937 400 1993 quorum
422 1920 542 1992 quinque
565 1922 666 1977 Romae
689 1921 717 1976 in
740 1921 883 1979 Pontificia
905 1923 1088 1992 bibliotheca,

185 2006 289 2079 singuli
304 2004 439 2073 venetiis,
456 2004 633 2074 blediolanii,
648 2005 824 2076 Florentiae,
839 2005 957 2079 Neapoli
971 2021 1087 2062 servan-

186 2098 245 2158 tur;
263 2107 344 2146 unum
357 2088 522 2144 hauniensis
538 2088 708 2145 bibliotheca
721 2090 850 2161 possidet
860 2089 888 2144 in
901 2084 1043 2163 Dania⁸⁰).

183 2209 390 2222 σ-ι-υ--ι-

253 2284 302 2348 28)
320 2287 451 2336 hunorum
468 2294 541 2336 notas
560 2286 586 2336 hi
600 2285 762 2352 praeierunt:
780 2284 848 2337 1466
858 2287 1000 2350 botuensis,
1019 2286 1088 2342 1462

186 2354 344 2412 harleianus,
364 2355 431 2408 1464
446 2356 567 2415 Venetus,
584 2356 651 2406 1⁴77
666 2354 845 2407 berolinensis.

255 2419 302 2484 29)
322 2423 382 2474 lade
399 2439 431 2473 ne
449 2424 533 2489 specie
547 2423 648 2486 quidem
667 2423 720 2473 veri
737 2424 822 2474 ornari
835 2424 916 2489 potuit
933 2425 1038 2474 verbum
1054 2424 1087 2474 ab

186 2489 289 2540 homine
311 2491 455 2540 doctissimo
483 2491 619 2555 eodemque
642 2491 831 2542 bibliothecario
852 2493 966 2544 Amadeo
988 2493 1087 2558 Peyron

187 2559 313 2619 lactatum,
332 2560 375 2620 qui
390 2561 414 2609 in
429 2559 521 2609 Notitia
537 2561 656 2609 librorum
674 2560 829 2627 aValperga
847 2561 905 2610 bibl.
922 2561 1021 2611 Tauria.
1040 2561 1088 2610 do-

186 2635 302 2678 natorum
317 2625 386 2692 Lips.
405 2627 473 2679 1820
488 2643 514 2693 p.
531 2628 565 2678 85
583 2629 696 2690 Inclinat,
715 2629 808 2692 inquit,
824 2630 923 2680 animas
941 2641 968 2679 ut
986 2630 1088 2679 credam

187 2694 334 2747 Suetonium
354 2693 385 2746 da
405 2697 590 2762 grammaticis,
614 2699 684 2747 cuius
706 2705 768 2747 teste
791 2697 939 2748 Gasursdono
960 2700 1089 2763 aestipiacn

186 2766 282 2830 quadem
296 2766 387 2814 nullm
404 2767 430 2814 in
447 2767 558 2818 librariis
574 2767 614 2815 uel
629 2767 822 2830 locupletissimis
843 2773 967 2829 apparet,
991 2768 1022 2817 ab
1039 2768 1089 2816 im-

186 2835 330 2900 postoribus
349 2832 487 2899 philologis
509 2835 595 2884 Italiae
615 2850 680 2885 saec.
697 2833 745 2883 XV
762 2849 819 2884 esse
835 2836 983 2901 proiectum⁴

255 2901 303 2967 80)
321 2903 491 2952 Romanorum
507 2902 571 2952 titali
588 2902 615 2952 hi
636 2910 708 2953 sunt:
727 2903 843 2952 Vaticani
853 2912 903 2953 tres
914 2903 988 2955 1518.
1009 2902 1088 2954 1862.

187 2969 274 3032 4488,
302 2971 483 3022 Ottoboalanus
511 2971 593 3033 1455,
618 2971 726 3023 Urbinas
752 2971 826 3023 1194.
863 2973 956 3022 Eorum
976 2972 1088 3021 Achilles

193 3040 294 3100 Statius,
312 3055 369 3090 cum
383 3040 450 3090 hanc
467 3039 578 3089 libellum
596 3055 619 3090 a.
640 3039 706 3090 1565
724 3041 818 3090 Romae
837 3042 931 3102 ederet,
947 3041 1020 3102 duos,
1036 3054 1088 3090 aon

187 3118 253 3168 tres,
271 3110 397 3160 consuluit
411 3117 436 3159 et
452 3108 567 3172 quidem,
584 3117 612 3158 ut
630 3109 733 3174 opinor,
752 3110 832 3175 primo
846 3110 900 3160 loco
919 3116 1088 3158 enumeratos.

187 3202 222 3212 -
238 3175 350 3228 Venetus
367 3179 449 3229 codex
467 3178 492 3226 in
509 3177 636 3227 Marciana
653 3177 803 3227 bibliotheca
822 3178 902 3228 Glass.
918 3177 988 3238 x1V,
1011 3179 1021 3226 l
1042 3190 1089 3226 no-

187 3251 268 3305 tatus,
286 3246 344 3295 olim
359 3246 456 3297 Patavii
472 3246 499 3294 in
515 3245 571 3296 bibl.
592 3244 618 3296 S.
639 3246 739 3296 loannis
757 3247 784 3295 in
802 3246 937 3296 Viridiario
954 3245 1089 3311 repositus,

188 3312 296 3377 scriptus
314 3323 352 3364 est
367 3315 494 3366 Bononiae
513 3328 536 3366 a.
549 3314 630 3372 1484;
650 3311 696 3368 cir.
715 3314 860 3365 Massmana
879 3316 912 3364 ad
931 3315 1008 3364 Taciti
1027 3313 1090 3362 Ger·

188 3382 312 3442 maniam,
331 3383 439 3436 Thomas
456 3385 483 3433 in
502 3381 639 3432 Miachner
656 3381 706 3447 gel.
726 3386 791 3434 hus,
814 3382 880 3434 1853
899 3398 941 3434 no.
965 3383 987 3436 l.
1007 3384 1031 3432 2.
1053 3405 1089 3418 -·-

189 3449 333 3500 Mediolanii
360 3452 556 3502 Ambrosianum
586 3450 698 3499 codicem
723 3461 901 3502 commemorat
926 3450 1091 3501 Montiaacoa
