2450 3910
377 263 481 312 arvus
494 263 738 313 VESPASIANUS.
989 249 1051 312 227

66 429 125 480 ctus
140 429 201 496 est,
218 429 247 480 ut
262 429 291 480 et
306 419 461 481 industriae
478 429 619 500 expertae
633 439 689 481 nec
704 421 874 482 metuendus
888 420 947 481 ullo
963 419 1049 482 modo
1085 445 1088 449 ·

66 504 101 563 ob
118 503 302 564 humilitatem
316 505 436 582 generis
451 522 485 565 ac
500 505 632 564 nominis.
677 503 790 565 Additis
801 507 888 583 igitur
900 504 935 566 ad
948 507 1049 586 copias

20 631 26 656 ,
64 587 170 650 duabus
184 581 358 666 legionibus,
376 597 444 649 octo
460 589 523 666 alis,
544 587 713 650 cohortibus
734 589 849 667 decem,
871 599 957 669 atque
977 592 1050 651 inter

64 672 176 751 legatos
191 674 300 732 maiore
315 673 373 733 lilio
389 682 549 753 assumpto,
565 681 594 732 ut
610 674 730 752 primum
747 676 925 752 provinciam
947 675 1049 753 attigit,

42 758 208 834 aproximas
224 774 340 836 quoque
359 759 502 818 convertit
516 758 545 818 in
559 775 608 834 se,
631 766 766 818 correcta
782 759 875 818 statim
891 766 1050 820 castrorum

62 840 222 922 disciplina,
240 858 355 921 unoque
371 841 507 903 etaltera
524 841 640 920 proelio
658 849 715 902 tam
732 850 898 902 constanter
912 843 999 919 inito,
1020 851 1050 902 ut

62 927 89 984 in
105 926 323 1005 oppugnatione
339 924 452 986 castelli
473 926 578 1005 lapidis
598 927 687 986 ictum
707 944 800 1004 genu,
826 934 908 986 scuto
931 928 1049 1003 sagittas

61 1009 172 1090 aliquot
189 1011 350 1088 exceperit.

120 1094 193 1156 Post
208 1093 357 1154 Neronem
373 1094 562 1172 Galbamque,
579 1092 691 1155 Othone
708 1112 742 1154 ac
758 1093 877 1154 Vitellio
893 1093 930 1152 dc
945 1095 1050 1172 princi·
1064 1111 1082 1166 5

30 1188 127 1256 opatu
144 1177 332 1254 certantibus,
349 1179 378 1237 in
394 1196 476 1257 spem
491 1178 604 1258 imperii
619 1179 710 1255 venit,
733 1177 911 1257 iampridem
927 1177 981 1237 sibi
997 1195 1051 1257 per

60 1261 134 1324 haec
151 1271 265 1324 ostenta
282 1270 464 1340 conceptam.

118 1347 152 1408 ln
167 1345 332 1407 suburbano
347 1344 512 1406 Flauiorum
528 1363 653 1424 quercus
669 1347 793 1424 antiqua,
807 1364 880 1426 quae
894 1355 955 1406 erat
965 1344 1050 1405 Marti
1085 1389 1087 1403 ,

57 1450 153 1508 sacra,
169 1449 223 1510 per
238 1439 298 1490 tres
316 1431 478 1508 Vespasiae
494 1439 606 1508 partus,
629 1429 760 1508 singulos
781 1439 903 1511 repente
921 1447 1049 1490 ramosa

56 1515 161 1576 frutice
179 1513 266 1592 dedit,
283 1513 358 1574 haud
374 1514 458 1575 dubia
474 1515 556 1592 signa
571 1514 657 1574 futuri
679 1516 818 1594 cuiusque
838 1516 902 1575 lati:
930 1517 1049 1594 primum

27 1611 46 1656 ιι
57 1600 165 1672 exilem
183 1607 212 1657 et
227 1599 284 1659 cito
301 1599 472 1677 arefactum,
490 1599 630 1680 (ideoque
645 1599 742 1678 puella
757 1610 822 1661 nata
836 1600 894 1660 non
909 1618 1048 1680 peranna-

54 1683 113 1762 vit)
131 1682 286 1742 secuudum
302 1684 498 1762 praevalidum
513 1702 548 1744 ιο
564 1684 708 1764 prolixum
729 1693 759 1744 et
774 1687 821 1764 qui
836 1703 968 1763 magnam
985 1684 1048 1744 ieli-

55 1770 174 1828 citatem
189 1767 387 1846 portenderet,
404 1770 517 1829 tertium
533 1785 605 1828 vero
622 1768 712 1828 instar
728 1768 849 1829 arboris.
887 1770 982 1845 Quare
998 1787 1048 1848 pa·

53 1861 129 1912 trem
145 1848 280 1911 Sabinum
293 1852 399 1926 lerunt,
415 1852 580 1932 haruspicio
595 1853 713 1931 insuper
725 1855 930 1931 confirmatum,
945 1872 1048 1912 renun-

53 1937 145 1997 tiasse
162 1935 253 2013 matri,
269 1944 406 2014 nepotem
422 1938 448 1996 ei
464 1934 618 1997 Caesarem
633 1937 774 2014 genitum;
794 1955 849 1996 nec
871 1937 947 1998 illam
969 1938 1047 2016 quie·

21 2037 142 2098 mquam
163 2018 239 2079 aliud
261 2037 344 2098 qnam
367 2019 571 2099 cachinnasse,
593 2021 758 2097 mirantem,
788 2021 871 2100 qood
893 2019 995 2081 adhuc
1013 2038 1048 2080 sc

52 2102 164 2166 moade
181 2108 322 2183 compoto
336 2102 486 2164 deliraret
499 2104 561 2163 iam
575 2104 660 2183 filios
673 2121 758 2165 auce.

117 2188 207 2266 hlox,
230 2190 293 2248 ciam
314 2187 437 2248 aedilem
461 2206 525 2247 eum
547 2185 580 2248 0.
604 2185 727 2265 Caesar,
751 2205 928 2248 succensens
951 2206 1047 2248 curam

52 2272 207 2335 verrendis
223 2273 277 2333 viis
295 2289 353 2332 non
368 2272 531 2348 adhibitam,
551 2271 611 2332 luto
628 2274 762 2332 iussisset
777 2273 891 2352 oppleri
905 2281 1046 2349 congesto

51 2375 108 2437 per
122 2356 230 2417 milites
246 2359 274 2416 in
293 2365 464 2436 praetextae
482 2357 583 2434 sinum,
600 2373 658 2416 non
673 2355 824 2416 defuerunt
842 2357 889 2436 qui
905 2357 1046 2436 interpre·
1117 2379 1119 2382 ·

20 2461 41 2501 m
51 2448 200 2518 careatur,
223 2441 394 2520 quandoque
418 2441 614 2520 proculcatam
629 2440 830 2520 desertamque
843 2460 904 2502 rem
925 2460 954 2521 p.
970 2441 1047 2502 civili

51 2526 151 2605 aliqua
167 2524 384 2603 perturbatione
399 2526 427 2585 in
443 2524 561 2587 tutelam
576 2526 638 2586 eius
652 2543 688 2587 ac
705 2525 826 2586 velutin
842 2527 980 2604 gremium
997 2524 1046 2586 de·

50 2619 212 2670 venturam.

112 2693 275 2754 Prandente
291 2711 327 2754 eo
346 2693 505 2773 quondam,
527 2695 606 2755 canis
622 2697 764 2756 extrarius
788 2713 804 2755 e
824 2696 910 2755 trivio
933 2712 1045 2754 manum

49 2778 202 2838 humanam
217 2778 308 2838 intulit
322 2795 498 2856 mensaeque
521 2776 651 2839 subiecit.
691 2777 836 2840 Caenante
856 2797 971 2856 rursus,
990 2777 1045 2840 bos

20 2881 39 2922 ro
52 2873 154 2923 arator
173 2862 297 2923 decusso
317 2865 386 2939 iugo
405 2862 558 2922 triclinium
580 2864 697 2942 irrupit,
724 2881 759 2924 ac
778 2863 885 2940 iugatis
909 2863 1045 2924 ministris

50 2947 136 3026 quasi
152 2956 273 3026 repente
289 2947 422 3007 defessus
438 2946 564 3026 procidit
578 2947 614 3007 ad
636 2947 718 3026 ipsos
734 2946 930 3006 accumbentis
953 2947 1045 3026 pedes

50 3031 256 3110 cervicemque
279 3030 426 3090 summisit.
469 3029 567 3091 Arbor
592 3048 708 3110 quoque
736 3048 892 3110 cupressus
917 3032 945 3090 in
970 3047 1043 3108 agro
1072 3057 1075 3073 1

49 3117 130 3174 avito
148 3115 209 3174 sine
225 3114 284 3176 ulla
299 3117 326 3176 vi
338 3118 517 3194 tempestatis
530 3115 630 3176 evulsa
641 3115 776 3177 radicitus
790 3125 874 3194 atque
887 3124 1043 3194 prostrata,

48 3201 216 3275 insequenti
235 3199 282 3260 die
297 3199 416 3260 viridior
432 3218 468 3260 ιο
481 3201 590 3260 iirmior
604 3201 773 3259 resurrexit.

20 3295 38 3340 ta
113 3278 152 3341 At
167 3284 196 3341 in
211 3283 321 3345 Achaia
336 3285 497 3360 somniavit,
514 3285 621 3344 initium
637 3283 692 3343 sihi
709 3284 827 3363 suisque
838 3283 986 3343 felicitatis
998 3283 1041 3343 iu·

47 3376 160 3444 turum,
180 3367 262 3427 simul
279 3387 313 3429 ιο
327 3367 399 3434 dens
413 3367 522 3427 Neroni
543 3377 694 3446 exemptus
718 3377 811 3438 esset;
836 3368 990 3450 evenitque
1012 3376 1042 3427 ut
1148 3360 1152 3370 ’

47 3451 184 3527 sequenti
200 3451 247 3511 die
262 3470 437 3530 progressus
451 3452 480 3512 in
500 3453 601 3513 atrium
616 3451 746 3518 medicus
766 3451 879 3514 dentem
897 3454 924 3514 ei
944 3462 1040 3515 osten-

20 3565 26 3576 ·
45 3534 144 3608 deret,
163 3543 327 3616 tantumque
346 3535 422 3616 qnod
437 3547 609 3617 exemptam.

771 3625 833 3686 15*
