2450 3910
462 260 740 309 VITELLIUS.
777 262 779 265 ’

461 688 715 745 tincturus·

159 847 343 907 Vitelliorum
357 848 497 925 originem
514 847 562 907 alii
577 847 661 908 aliam
681 856 710 907 et
731 847 846 926 quidem
868 851 1092 911 diversissimam
1106 861 1121 912 1

100 929 225 1009 tradunt,
248 934 352 1010 partim
366 941 496 992 veterem
514 941 542 992 et
558 931 703 1008 nobilem,
722 934 824 1010 partim
844 952 916 993 vero
937 951 1040 993 novam
1062 943 1092 994 et

101 1016 250 1076 obscuram
272 1025 359 1094 atque
382 1019 466 1076 etiam
488 1017 649 1085 sordidam;
673 1017 750 1094 quod
771 1035 827 1094 ego
850 1036 905 1096 per
925 1017 1112 1078 adulatores

102 1100 372 1179 obtrectatoresque
388 1102 570 1180 imperatoris
585 1100 686 1160 Vitelli
707 1102 842 1161 evenisse
864 1103 1014 1180 opinarer,
1037 1102 1092 1161 nisi
1167 1174 1169 1180 Ι

75 1185 245 1263 saliquanto
257 1186 335 1261 prius
347 1185 383 1245 de
394 1185 519 1245 familiae
531 1185 695 1245 conditione
707 1186 846 1245 variatum
859 1196 947 1246 esset.
963 1190 1047 1245 Extat
1055 1183 1090 1258 Q.

100 1268 185 1346 Elogi
197 1269 234 1328 ad
247 1266 381 1341 Quintum
391 1268 539 1329 Vitellium
550 1267 616 1327 Divi
627 1267 751 1346 Augusti
764 1278 951 1348 quaestorem
963 1269 1091 1348 libellus,

29 1394 32 1399 -
101 1371 156 1432 quo
173 1353 345 1429 continetur,
359 1351 495 1413 Vitellios
512 1351 610 1412 Fauno
625 1351 815 1430 Aboriginum
830 1373 901 1432 rege
919 1364 948 1415 et
961 1353 1090 1430 Vitellia,

101 1455 173 1516 quae
188 1436 284 1497 multis
300 1437 374 1496 locis
392 1454 445 1516 pro
460 1437 573 1497 numine
591 1437 749 1514 coleretur,
767 1447 848 1498 ortos
864 1448 926 1498 toto
943 1437 1022 1497 balio
1042 1439 1091 1496 im-

101 1539 235 1600 perasse3
258 1521 360 1580 borum
383 1521 527 1582 residuam
550 1522 669 1600 stirpe-m
691 1540 728 1582 ex
743 1522 857 1582 Sabinis
878 1525 1019 1584 transisse
1034 1521 1092 1581 llo·

62 1620 172 1666 romam
186 1615 272 1683 atque
290 1607 365 1666 inter·
380 1607 517 1684 patricios
534 1605 690 1676 adlectam;
713 1606 817 1668 indicia
834 1609 932 1686 stirpis
952 1608 1093 1667 mansisse

101 1691 146 1750 diu
161 1691 234 1749 viam
248 1689 396 1750 Vitelliam
413 1690 449 1750 ab
464 1689 592 1750 laniculo
609 1693 643 1752 ad
659 1709 738 1750 mare
748 1709 852 1770 usque,
868 1693 936 1753 item
949 1691 1093 1752 coloniam

101 1773 228 1834 eiusdem
249 1776 387 1851 nominis,
409 1793 494 1854 quam
513 1775 615 1852 gentili
637 1777 721 1854 copia
748 1775 890 1836 adversus
912 1775 1093 1855 Aequiculos

100 1859 242 1918 tutandam
266 1859 333 1918 olim
360 1859 618 1938 depoposcissent;
647 1870 781 1938 tempore
813 1861 919 1921 deinde
947 1859 1093 1920 Samnitici

100 1942 168 2003 belli
180 1943 326 2022 praesidio
338 1945 367 2002 in
377 1942 512 2022 Apuliam
524 1945 622 2019 misso,
639 1943 778 2023 quosdam
800 1963 838 2003 ex
855 1944 972 2005 Vitellis
989 1943 1091 2003 subse-

61 2046 90 2089 rs
98 2027 178 2088 disse
192 2029 349 2104 Nuceriae,
372 2045 529 2104 eorumque
549 2029 721 2105 progeniem
741 2027 830 2104 longo
851 2037 918 2106 post
939 2026 1091 2087 intervallo

96 2114 243 2191 repetisse
264 2110 363 2171 urbem
383 2119 471 2190 atque
494 2110 622 2171 ordinem
640 2112 824 2171 senatorium.
866 2109 974 2172 Contra
993 2110 1124 2189 plures!

98 2205 246 2257 auctorem
267 2197 383 2274 generis
406 2194 570 2255 libertinum
593 2195 797 2274 prodiderunt,
825 2196 940 2255 cassius
963 2195 1092 2256 Severus

97 2300 154 2341 nec
173 2282 265 2341 minus
285 2282 333 2341 alii
356 2280 477 2340 eundem
500 2288 530 2339 et
551 2289 679 2339 sutorem
704 2281 988 2359 veteramentarinm,
1012 2280 1092 2339 cuius

97 2365 176 2445 lilius
191 2365 368 2426 sectionibus
386 2374 414 2425 et
430 2365 588 2442 cognituris
602 2362 718 2424 uberius
742 2365 941 2442 compendium
960 2373 1092 2440 nanctus,

58 2457 139 2509 ao'ex
156 2449 277 2510 muliere
292 2449 416 2526 ungari,
429 2448 566 2508 Antiochi
584 2449 730 2509 cuiusdam
750 2449 904 2509 furnariam
926 2449 1092 2508 exercentis
1123 2463 1125 2470 ’

96 2535 167 2612 iilia,
185 2536 310 2613 equitem
325 2533 360 2593 lt.
378 2534 521 2612 genuerit.
551 2533 611 2593 Sed
627 2532 704 2612 quod
720 2533 875 2612 discrepat,
892 2535 929 2594 sit
944 2535 972 2592 in
986 2529 1095 2592 medio

98 2617 237 2678 Ceterum
250 2617 280 2678 P.
297 2617 432 2678 Vitellius
448 2619 533 2679 domo
548 2616 685 2694 Nuceria,
704 2619 766 2678 sive
780 2618 831 2678 ille
847 2619 944 2698 stirpis
959 2619 1093 2695 antiquae

98 2705 162 2763 sive
180 2702 322 2780 pudendis
337 2701 504 2781 parentibus
522 2710 609 2780 atque
622 2703 694 2780 avis,
713 2721 804 2782 eques
817 2712 898 2763 certe
910 2702 944 2762 ll.
959 2711 988 2761 et
998 2716 1093 2761 rerum

98 2787 223 2865 Augusti
236 2795 418 2865 procurator,
435 2795 569 2866 quattuor
583 2786 659 2846 tilios
673 2787 865 2866 amplissimae
881 2787 1026 2864 dignitatis
1044 2801 1093 2844 co-

58 2873 251 2950 cognomines
272 2889 307 2930 ac
327 2880 433 2932 tantum
455 2871 688 2950 praenominibus
711 2873 862 2932 distinctos
886 2871 1004 2949 reliquit
1024 2867 1092 2929 Aul

98 2955 137 3030 Q.
154 2955 184 3016 P.
201 2961 228 3015 L.
244 2954 360 3016 Aulus
352 2974 379 3014 ιιι
394 2956 545 3016 consulatu
562 2954 648 3032 obiit,
673 2974 757 3035 quem
778 2974 841 3016 cum
857 2955 983 3015 Domitio
999 2951 1093 3014 Nero·

96 3039 144 3099 nis
159 3037 293 3100 Caesaris
309 3048 392 3118 patre
403 3041 516 3116 inierat,
532 3039 698 3140 praelautus
711 3040 824 3120 alioqqi
830 3033 1015 3118 famosusque
1027 3056 1092 3099 cae·
1104 3043 1148 3089 tn
1154 3051 1176 3092 t»

96 3141 197 3184 narum
212 3124 433 3223 magnificentia.
467 3124 589 3199 Quintus
607 3125 697 3184 caruit
710 3119 830 3199 ordine,
839 3143 902 3184 cum
918 3133 1037 3184 auctore
1049 3123 1092 3182 Ti·

96 3207 181 3269 berio
197 3209 311 3268 secerni
329 3209 420 3268 minus
436 3208 558 3269 idoneos
576 3218 728 3269 senatores
747 3209 951 3309 removerique
968 3207 1092 3286 placuis-

58 3299 154 3352 aoset.
170 3297 216 3373 P.,
236 3283 398 3353 Germanici
417 3311 532 3371 comes,
556 3291 615 3353 CN
628 3292 782 3353 Pisonem'
774 3294 915 3353 mimicum
931 3301 960 3352 et
974 3291 1093 3352 interfe-

97 3385 209 3436 ctorem
232 3378 293 3436 eius
316 3379 463 3438 accusavit
491 3378 766 3478 condemnavitque,
789 3395 823 3437 ac
849 3385 917 3457 post
938 3386 1093 3455 praeturae

95 3459 239 3522 bonorem
254 3463 329 3520 inter
344 3462 441 3522 Seiani
460 3463 594 3523 conscios
611 3470 745 3541 arreptus
756 3463 805 3522 et
796 3481 824 3522 ιιι
840 3460 999 3523 custodiam
1011 3457 1090 3522 fratri

95 3541 181 3604 datus
196 3543 314 3626 scalpro
332 3545 451 3631 librario
467 3563 557 3608 venas
574 3547 628 3607 sibi
643 3547 752 3624 incidit,
771 3566 827 3608 nec
843 3557 899 3609 tam
911 3548 1011 3607 mortis
1023 3561 1092 3626 pae-
