2468 3912
136 231 177 293 48
221 238 554 297 c.sunrou1unauo.
573 239 622 285 on
633 237 716 286 vura
729 236 913 285 cassanum
929 237 999 285 urs.
1012 237 1049 284 11.

137 397 274 478 emptioni
288 395 459 476 publicanos
483 391 617 471 videbat,
639 391 744 452 liberto
760 409 812 452 suo
828 390 951 467 addixit,
972 400 1003 450 ut
1018 390 1136 470 relega-

137 483 242 544 tamin
264 495 427 558 agrospro
450 476 543 538 libero
566 495 633 537 esse
655 478 771 537 sineret
814 475 962 536 Decimam
988 474 1136 553 legionem
1224 483 1225 490 ’

138 566 333 628 contumacius
360 570 510 642 parentem
531 579 595 621 cum
623 561 779 638 ignominia
807 568 895 620 totam
916 559 1035 636 dimisit,
1067 561 1135 620 item

138 651 209 712 alias
231 647 400 709 immodeste
419 647 585 706 missionem
605 644 786 725 postulantes
803 647 875 704 citra
893 642 1042 705 commoda
1057 661 1135 704 eme·

135 737 255 795 sitorum
271 732 462 812 praemiorum
478 731 687 790 exauctoravit.
718 726 880 805 Cohortes,
900 730 925 787 si
940 745 1014 807 quae
1030 729 1158 792 cessis-a

137 827 201 880 sent
216 817 299 894 loco,
318 816 475 876 decimatas
489 813 600 874 hordeo
616 814 705 892 parit.
738 811 930 873 Centuriones
945 813 1070 872 statione
1085 811 1135 872 de-

137 911 232 978 serta,
247 900 344 961 itidem
357 908 388 960 ut
402 899 613 978 manipulares,
636 897 753 976 capitali
769 895 1019 957 animadversione
1034 899 1135 975 puniit,

137 1004 191 1067 pro
216 994 316 1046 cetero
342 982 513 1046 delictorum
536 999 648 1059 genere
669 982 757 1041 variis
778 981 932 1059 ignominis
955 980 1076 1058 adiecit,
1105 989 1136 1040 ut

138 1080 216 1132 stare
236 1089 291 1149 per
305 1078 394 1130 totum
410 1067 485 1127 diem
506 1065 620 1126 iuberet
635 1074 700 1125 ante
724 1068 917 1144 praetorium,
936 1063 1077 1125 interdum
1092 1073 1134 1124 tu·

136 1157 248 1216 nicatos
276 1154 507 1231 discinctosque,
534 1167 742 1228 nonnumquam
772 1167 836 1210 cum
856 1147 1060 1229 decempedis,
1084 1148 1170 1212 velrc

95 1242 221 1303 25etiam
242 1239 382 1318 cespitem
405 1232 581 1316 portantes!
603 1233 707 1313 Neque
728 1242 796 1313 post
818 1233 897 1295 bella
920 1233 1017 1295 civilia
1037 1241 1086 1294 aut
1106 1235 1135 1292 in

138 1325 272 1384 contione
295 1330 343 1382 aut
360 1339 415 1401 per
431 1319 555 1380 edictum
570 1318 646 1379 ullos
660 1317 780 1378 militum
804 1317 1012 1380 commilitones
1033 1316 1134 1398 appel·

137 1407 230 1485 labat,
245 1405 298 1466 sed
312 1406 428 1481 milites,
444 1422 478 1464 ac
495 1422 531 1464 ne
547 1421 563 1464 a
579 1402 645 1462 filiis
660 1402 775 1482 quidem
791 1411 839 1463 aut
853 1403 995 1482 privignis
1011 1404 1069 1463 suis
1084 1403 1134 1461 im·

137 1492 221 1572 perio
235 1488 373 1569 praeditis
389 1488 473 1548 aliter
489 1486 632 1566 appellari
647 1505 751 1565 passus
766 1496 822 1565 est,
839 1487 1016 1548 ambitiosius
1030 1486 1059 1546 id
1074 1486 1134 1545 exi·

138 1577 270 1651 stimans,
289 1589 370 1652 quam
387 1580 435 1631 aut
449 1572 522 1631 ratio
537 1570 667 1631 militaris
685 1580 733 1632 aut
747 1580 907 1651 tempomm
923 1571 1005 1652 quies
1020 1579 1068 1631 aut
1084 1587 1135 1631 sua
1146 1590 1170 1632 ss

138 1657 295 1735 domusque
317 1673 385 1715 suae
405 1656 543 1714 maiestas
557 1653 728 1734 postularet.
761 1654 909 1716 Libertino
926 1655 1032 1731 milite,
1050 1672 1134 1735 prae·

138 1751 267 1819 terquam
280 1739 390 1800 Romae
405 1738 601 1798 incendiorum
616 1757 702 1800 causa
718 1741 787 1800 etsi
803 1740 936 1800 tumultus
952 1741 980 1798 in
995 1740 1135 1817 graviore

138 1841 250 1885 annona
264 1831 456 1902 metueretur,
479 1822 524 1882 bis
538 1842 606 1883 usus
623 1831 683 1885 est:
707 1824 799 1884 semel
815 1823 850 1884 ad
865 1823 1038 1903 praesidium
1054 1822 1133 1884 colo·

138 1910 245 1969 uiarum
272 1906 418 1983 Illyricum
447 1909 687 1986 contingentium,
717 1910 820 1969 iterum
848 1907 884 1970 ad
913 1907 1030 1969 tutelam
1051 1909 1134 1987 ripae

137 1993 231 2055 Rheni
249 1993 384 2060 fluminis:
401 2010 528 2073 eosque,
545 2010 648 2053 servos
662 1991 755 2053 adhuc
771 1995 840 2054 viris
855 1993 1028 2072 feminisque
1043 2010 1131 2071 pecu·
1142 2008 1169 2049 ao

138 2078 312 2140 niosioribus
335 2076 458 2138 indictos
479 2095 514 2138 ac
535 2079 598 2137 siue
620 2094 700 2138 mora
729 2079 932 2154 manumissos,
961 2075 1135 2156 subpriore

138 2162 246 2225 vexillo
263 2160 370 2240 habuit,
387 2180 481 2242 neque
498 2170 545 2222 aut
560 2163 730 2222 commixtos
743 2178 807 2222 cum
822 2161 956 2240 ingenuis
971 2169 1019 2221 aut
1032 2159 1135 2220 eodem

137 2247 222 2309 modo
244 2256 376 2308 armatos.

200 2330 283 2393 Dona
307 2331 454 2407 militaria,
483 2329 628 2410 aliquanto
655 2329 768 2390 lucilius
791 2330 926 2411 phaleras
954 2338 984 2389 et
1004 2337 1134 2408 torques,

139 2413 273 2495 quicquid
291 2432 359 2474 auro
378 2422 556 2493 argentoque
572 2422 732 2491 constaret,
750 2432 833 2493 quam
848 2413 975 2476 vallares
989 2431 1024 2473 ac
1041 2431 1134 2472 mura·
1145 2433 1171 2474 as

138 2499 183 2558 les
206 2513 343 2574 coronas,
365 2515 438 2576 quae
460 2497 571 2557 honore
591 2499 821 2577 praecellerent,
852 2498 952 2568 dabat;
974 2497 1026 2558 has
1050 2515 1133 2576 qnam

138 2581 307 2661 parcissime
323 2590 353 2640 et
370 2583 431 2642 siue
450 2582 603 2642 ambitione
621 2601 656 2642 ac
670 2601 761 2662 saepe
777 2586 862 2644 etiam
877 2583 1009 2660 caligatis
1024 2580 1133 2640 tribuit.
1228 2599 1229 2654 l

135 2665 175 2728 lt.
191 2664 353 2744 Agrippam
366 2667 396 2725 iu
412 2666 510 2726 Sicilia
526 2674 594 2745 post
613 2667 745 2728 navalem
761 2669 910 2728 victoriam
926 2664 1064 2727 caeruleo
1082 2683 1133 2724 ve·
1228 2657 1229 2666 ’

135 2750 208 2811 xillo
222 2749 347 2811 donavit.
378 2750 466 2810 Solos
482 2751 681 2830 triumphales,
700 2770 867 2832 quamquam
884 2760 913 2811 et
928 2751 1026 2811 socios
1043 2766 1133 2828 expe·

137 2835 273 2896 ditionum
295 2845 324 2895 et
346 2837 505 2915 participes
527 2835 710 2896 victoriarum
732 2854 860 2914 suarum,
880 2851 1031 2915 numquam
1047 2832 1131 2893 donis
1144 2853 1173 2894 eo

136 2918 343 2999 impertiendos
365 2921 490 2998 putavit,
513 2919 590 2998 quod
610 2920 666 2998 ipsi
692 2937 807 3000 quoque
827 2921 871 2980 ius
890 2918 1058 2980 habuissent
1080 2917 1131 2976 tri-

136 3003 241 3065 buendi
263 3023 298 3065 ea
323 3004 425 3084 quibus
444 3002 563 3063 vellent.
598 3003 677 3064 Nihil
692 3013 786 3064 autem
802 3007 893 3065 minus
912 3001 1046 3084 perlecto
1065 3000 1132 3061 draci
1226 2985 1229 3038 ¹

137 3107 218 3166 quam
238 3089 450 3149 festinationem
473 3089 720 3168 temeritatemque
746 3090 903 3149 convenire
927 3084 1130 3148 arbitrabatur.
1214 3132 1218 3146 .

139 3171 249 3232 Crebro
268 3175 364 3252 itaque
385 3172 435 3234 illa
448 3171 587 3233 iactabat:
607 3168 742 3233 muscos
766 3168 931 3252 dpade‘oscl
966 3156 1132 3248 Ἀσῳαλὴς

136 3246 199 3334 γάρ
216 3246 283 3315 ἐστ’
300 3255 447 3336 αμείνων
460 3243 482 3336 ἦ
496 3244 627 3336 θρασὺς
642 3251 875 3336 στρατηλάτης.
904 3255 958 3333 Et,
978 3253 1038 3315 Sal
1051 3252 1130 3314 cele·
1142 3271 1171 3312 ae

136 3337 213 3397 riter
235 3337 306 3415 fieri
326 3339 475 3422 quidquid
493 3340 551 3419 fiat
569 3340 648 3400 satis
671 3338 755 3400 bene.
784 3339 929 3401 Proelium
950 3338 1063 3418 quidem
1084 3345 1133 3398 aut

137 3419 244 3479 bellum
266 3423 477 3500 suscipiendum
500 3425 614 3483 omnino
634 3423 776 3501 negabat,
796 3425 849 3484 uisi
865 3441 927 3484 cum
942 3423 1033 3483 maior
1053 3437 1131 3480 emo-

136 3503 254 3564 lumenti
275 3522 344 3583 spes
365 3524 447 3584 quam
464 3507 556 3567 damni
574 3517 666 3568 metus
674 3507 894 3568 ostenderetur.
924 3504 996 3567 Nam
1017 3505 1132 3564 minima
