2468 3912
125 217 165 280 ta
209 229 239 278 c.
256 229 406 278 suuroru
424 229 551 291 renuo.
569 229 616 276 nn
632 229 715 276 vrrs
731 229 915 277 consonum
930 231 1000 279 urs.
1019 232 1040 278 r.

124 385 269 467 equitibus
284 383 350 444 hinc
372 393 401 444 et
417 384 481 444 iude
498 385 668 446 commissis.
705 384 777 445 Nam
795 402 852 464 quo
866 385 960 446 laxius
976 384 1128 446 dimicare-

123 481 186 549 tur,
208 469 339 530 sublatae
355 477 448 529 nretae
465 469 551 548 inque
568 487 663 529 earum
679 469 775 528 locum
789 469 856 529 bina
873 479 967 530 castra
984 468 1127 530 exaduer-

125 574 186 616 sum
209 555 362 614 constituta
387 561 476 614 eraut.
520 552 673 630 Athletae,
697 553 789 614 stadio
806 553 842 613 ad
864 562 977 634 tempus
993 562 1128 615 extructo

123 640 247 717 regione
262 638 346 699 lllarti
362 639 469 716 campi,
486 646 669 698 certaverunt
687 656 741 717 per
759 637 891 697 triduum.
920 638 1022 700 Navali
1039 656 1127 718 proe·
1210 645 1229 720 ‘q

125 725 174 801 lio,
189 725 218 783 iu
237 724 347 782 minore
364 720 475 782 Codeta
494 721 614 782 defosso
630 723 695 782 lacu
712 722 836 782 biremes
858 741 893 783 ac
907 725 1039 784 triremes
1056 739 1151 800 qua-u

125 809 323 885 driremesque
339 806 444 881 Tyriae
467 815 496 866 et
513 805 678 885 Aegyptiae
695 807 798 867 classis
813 825 918 886 magno
934 816 1127 888 pugnatorum

125 909 243 952 numero
260 891 459 950 coullineruot.
503 890 549 950 Ad
565 909 639 969 quae
656 895 750 950 omnia
765 892 934 970 spectacula
949 900 1055 952 tantum
1075 910 1126 950 uu-

125 976 211 1054 dique
229 975 365 1035 conllunit
378 975 537 1051 bominum,
552 985 583 1034 ut
597 975 730 1054 plerique
746 976 875 1036 advenae
891 985 938 1038 aut
953 978 1027 1036 iuter
1040 977 1127 1035 vicos

126 1070 174 1122 aut
190 1062 264 1120 iuter
285 1062 346 1119 vias
366 1059 561 1120 tabernaculis
581 1060 685 1138 positis
705 1068 866 1128 munerent;
891 1079 926 1120 ac
947 1077 1038 1138 saepe
1054 1078 1127 1138 prae

58 1165 60 1172 ⁴
126 1143 209 1204 turba
225 1144 289 1203 elisi
305 1145 515 1222 exanimatique
539 1144 595 1203 siut
612 1143 725 1223 plurimi
739 1154 769 1204 et
785 1145 813 1203 iu
828 1143 872 1205 his
889 1144 945 1205 duo
962 1153 1164 1205 semicremis

82 1243 118 1296 40
192 1227 359 1289 Conversus
374 1228 441 1289 hinc
451 1227 487 1288 ad
500 1227 686 1288 ordinandum
698 1229 743 1288 rei
756 1227 891 1306 publicae
906 1238 1019 1304 statum,
1031 1229 1126 1287 iustos

131 1313 276 1390 correxit,
295 1315 350 1373 iam
366 1313 476 1390 pridem
491 1313 560 1372 vitio
576 1313 744 1390 pontificum
763 1330 816 1391 per
832 1312 1020 1374 intercalandi
1036 1313 1125 1372 licen-

126 1400 192 1459 tiam
210 1396 284 1457 adeo
305 1397 453 1474 turbatos,
473 1407 504 1456 ut
523 1414 620 1475 neque
637 1398 772 1456 messium
790 1397 882 1457 feriae
904 1405 1014 1458 aestate
1030 1414 1127 1475 neque

125 1481 330 1542 vindemiarum
345 1489 478 1541 autumno
497 1489 703 1558 conpetereut;
722 1499 883 1560 anuumque
900 1481 936 1542 ad
952 1499 1064 1541 cursum
1077 1498 1125 1540 so·

126 1567 162 1625 lis
176 1562 420 1640 accommodavit,
445 1574 473 1623 ut
490 1573 685 1638 trecentorum
708 1568 858 1642 sexaginta
875 1566 1001 1645 quinque
1016 1565 1126 1625 dierum
1138 1589 1162 1630 rs

128 1655 216 1724 esset,
232 1657 261 1706 et
276 1645 460 1707 intercalario
476 1666 575 1707 mense
590 1648 705 1709 sublato
723 1667 796 1709 uuus
811 1649 873 1710 dies
889 1658 992 1729 quarto
1008 1666 1125 1729 quoque

128 1747 203 1792 anno
225 1729 454 1791 intercalaretur.
489 1733 554 1806 Quo
577 1741 670 1792 autem
690 1735 782 1810 magis
803 1735 831 1793 in
850 1744 997 1811 posterunr
1018 1733 1125 1794 exlia-
1228 1781 1229 1786 1

127 1813 222 1875 leudis
235 1813 376 1874 Ianuariis
392 1817 477 1874 novis
494 1825 656 1895 temporum
671 1819 744 1878 ratio
764 1827 956 1895 congrueret,
978 1819 1053 1878 iuter
1066 1817 1126 1877 No·
1222 1841 1227 1848 ·

125 1897 274 1959 vembrem
296 1917 331 1959 ac
344 1897 536 1960 Decembrem
550 1917 677 1960 mensem
696 1902 839 1963 interiecit
860 1901 933 1962 duos
948 1902 1037 1962 alios:
1061 1901 1125 1961 fuit·

128 2001 184 2062 que
199 1983 225 2042 is
241 2001 347 2062 annus,
364 2000 421 2061 quo
438 1984 513 2044 baec
530 1985 788 2062 constituebantur,
807 1986 971 2065 quindecim
986 1987 1164 2050 meusiumau

129 2085 193 2127 cum
210 2067 415 2145 intercalario,
440 2071 487 2148 qui
503 2087 540 2128 ex
556 2071 764 2130 consuetudine
777 2071 805 2129 in
821 2089 884 2130 eum
900 2089 1002 2130 annum
1016 2069 1126 2128 incide·

83 2168 117 2220 41
129 2161 181 2213 rat.
216 2153 350 2213 Senatum
368 2153 528 2233 supplevit,
555 2155 694 2231 patricios
717 2154 842 2231 adlegit,
866 2164 1029 2234 praetorum
1047 2153 1126 2212 aedi·

127 2236 195 2296 lium
222 2245 420 2315 quaestorum,
456 2239 597 2297 minorum
630 2238 714 2297 etiam
738 2240 953 2315 magistratuum
979 2255 1127 2298 numerum

129 2319 289 2396 ampliavit:
311 2320 434 2381 nudatos
455 2339 547 2400 opere
568 2323 702 2382 censorio
719 2331 768 2382 aut
787 2322 1063 2384 sententiaiudicum
1085 2320 1123 2381 de

129 2401 235 2461 ambitu
252 2403 458 2465 condemnatos
480 2407 612 2465 restituit.
640 2403 760 2466 Comitia
784 2425 847 2466 cum
867 2406 978 2486 populo
1003 2407 1164 2487 partitusuu

128 2493 174 2544 est
189 2493 236 2560 ut,
254 2489 387 2565 exceptis
400 2489 564 2549 consulatus
578 2489 822 2568 conpetitoribus,
839 2491 874 2551 de
891 2500 989 2552 cetero
1004 2507 1125 2550 numero

128 2567 343 2629 candidatorum
360 2589 414 2650 pro
433 2582 514 2650 parte
531 2573 643 2633 dimidia
665 2593 739 2652 quos
755 2575 880 2654 populus
895 2575 985 2636 vellet
1001 2592 1127 2654 prouuu·

127 2651 282 2730 tiarentur,
304 2673 358 2732 pro
381 2665 462 2734 parte
486 2656 577 2718 altera
597 2675 671 2735 quos
692 2659 757 2737 ipse
779 2658 926 2719 edidisset.
963 2659 999 2720 Et
1020 2658 1127 2719 edebat

126 2755 180 2816 per
195 2736 313 2798 libellos
330 2740 437 2800 circum
460 2739 562 2800 tribum
582 2743 687 2802 missos
708 2743 852 2821 scriptura
869 2741 969 2804 brevi:
1003 2741 1127 2804 Cacsar

127 2819 262 2882 dictator
286 2822 333 2884 tut
353 2823 457 2884 tribui.
496 2822 679 2887 Commendo
699 2826 789 2887 cobis
809 2827 895 2888 illum
915 2833 944 2887 ct
969 2827 1070 2902 illum,
1094 2833 1165 2886 uteo

126 2911 228 2967 oestro
244 2904 396 2986 suffr-opio
410 2925 500 2968 suum
516 2908 693 2987 dignitatem
713 2918 843 2973 teneant.
873 2909 995 2972 Admisit
1017 2913 1053 2974 ad
1073 2911 1126 2970 ho·

127 3005 217 3050 nores
234 2999 263 3050 et
277 2994 509 3070 proscriptorum
525 2993 644 3055 liberos.
680 2995 789 3055 ludicia
808 2995 843 3055 ud
858 2995 915 3055 duo
930 3014 1040 3074 genera
1056 2994 1127 3056 iudi·

127 3090 190 3132 cum
201 3075 330 3154 redegit,
345 3078 491 3155 equestris
505 3077 613 3137 ordinis
626 3097 661 3138 ac
673 3079 825 3148 senatorii;
839 3078 969 3140 tribunos
982 3082 1124 3156 aerarios,
1214 3109 1221 3132 κ

61 3185 63 3190 ·
128 3157 204 3232 quod
219 3169 282 3218 erat
297 3162 424 3237 tertium,
441 3162 563 3222 sustulit.

190 3240 353 3304 Recensum
374 3245 474 3324 populi
489 3263 545 3305 uec
562 3263 643 3305 more
658 3264 714 3306 uec
729 3248 797 3308 loco
815 3247 920 3326 solito,
943 3248 996 3309 sed
1010 3249 1127 3308 vicatim
1137 3265 1163 3307 ss

128 3339 182 3397 per
204 3322 335 3386 dominos
359 3329 513 3390 insularum
534 3332 608 3407 egit,
630 3339 716 3409 atque
738 3350 776 3391 en
801 3333 902 3408 viginti
926 3333 1127 3410 trecentisque

125 3405 241 3504 milibus
264 3413 464 3488 accipientium
486 3413 655 3473 frumentum
676 3433 692 3474 e
715 3415 832 3494 publico
856 3415 893 3474 ad
915 3425 1028 3475 centum
1044 3417 1126 3495 quiu-

128 3498 266 3570 quaguuta
288 3497 424 3562 retranit:
449 3515 484 3556 ac
501 3516 537 3556 ue
560 3497 606 3576 qui
622 3499 689 3557 novi
713 3508 815 3559 coetus
835 3500 1017 3559 recensionis
1038 3517 1126 3560 causa
