2450 3910
567 231 707 280 orno.
1041 219 1101 286 211
1157 249 1159 254 .

105 384 191 445 alium
210 383 330 445 alienia
349 386 470 446 militum
487 385 696 446 demerebatur.
727 385 845 448 Guidam
863 389 947 448 etiam
964 386 1000 447 de
1019 397 1103 467 parto

106 469 202 530 linium
215 486 278 528 cum
291 471 386 530 vicino
397 470 530 547 litiganti,
543 469 685 530 adhibitus
693 470 811 550 arbiter,
824 481 912 532 totum
926 490 1026 550 agrum
1036 472 1101 533 red-

106 554 174 614 emit
192 555 455 634 emancipavitque;
481 563 509 613 ut
533 556 589 614 iam
606 557 656 614 vix
673 554 749 615 ullus
761 565 840 616 esset
842 560 911 636 ,qui
926 575 985 616 nou
997 565 1025 616 et
1036 575 1101 617 seu-

1 604 26 672 Ι
105 641 172 699 tiret
186 638 409 716 etpraedioaret
426 638 518 698 solum
536 641 734 698 successione
744 642 857 719 imperii
850 641 996 718 dignum.
1026 642 1099 720 Spe·
1111 645 1128 701 5

81 731 221 794 5raverat
232 732 327 784 autem
339 723 403 784 iore
416 733 446 782 ut
459 723 646 802 adoptaretur
657 742 673 784 a
687 722 787 801 Galba,
801 723 909 803 idque
901 745 930 784 m
942 726 1004 786 dies
1013 745 1101 806 expe·

106 807 211 868 ctabat.
234 807 301 868 Sed
305 817 458 886 postquam
471 807 577 868 Pisone
591 807 721 886 praelato
730 827 784 888 spe
794 808 910 887 decidit,
923 810 996 869 ad
969 829 1025 870 vum
1034 829 1101 870 oon·

103 910 206 952 versus
222 898 277 970 est,
290 894 446 970 instigante
458 909 547 972 super
558 893 642 953 animi
660 891 791 952 dolorem
806 894 891 952 etiam
906 891 1102 972 magnitudine

103 979 180 1039 aeris
192 975 289 1036 alieni.
306 976 409 1056 Neque
422 979 497 1036 enim
507 976 714 1054 dissimulabat,
726 977 1006 1056 aistpriuca'pemoc
1015 985 1102 1039 sture

1 1055 11 1072 ⁴
101 1078 296 1139 noh=posec5
314 1060 450 1141 nihilqne
463 1060 584 1140 referre
599 1059 639 1120 nl>
654 1060 742 1122 hoste
761 1062 793 1122 ιἰι
816 1062 885 1122 oete
903 1079 955 1134 aon
975 1062 1008 1122 in
1027 1060 1100 1140 soro

69 1169 93 1212 ιο
102 1145 161 1206 cub
178 1145 384 1206 creditoribus
402 1145 536 1206 caderet.
564 1144 641 1204 Ante
654 1163 764 1224 paucos
784 1145 846 1206 dies
864 1165 950 1206 servo
965 1145 1101 1206 Caesaris

103 1247 158 1311 pro
176 1231 329 1309 impetrata
346 1229 563 1308 dispensatione
584 1229 685 1289 decies
709 1232 872 1290 sestertium
896 1238 1099 1310 expresserat;

102 1316 160 1377 hoc
172 1313 328 1374 subsidium
340 1315 409 1374 tanti
423 1316 521 1393 coepti
533 1314 595 1373 luit.
625 1313 671 1373 Ac
685 1317 777 1393 primo
791 1317 916 1393 quinque
935 1313 1099 1394 speculato·

101 1399 183 1460 ribus
198 1400 350 1459 commissa
362 1417 410 1458 res
423 1407 477 1476 est,
492 1397 596 1457 deinde
608 1396 709 1458 decem
722 1398 796 1476 aliis,
811 1417 885 1477 quos
898 1398 1004 1477 singuli
1016 1397 1100 1458 binos

103 1482 313 1564 produxerant;
336 1481 466 1543 omnibus
487 1482 561 1544 dena
581 1485 716 1544 sestertia
735 1493 954 1562 repraesentata
976 1492 1004 1542 et
1019 1485 1099 1561 quin·

67 1590 92 1630 us
104 1585 236 1647 quagena
250 1569 402 1647 promissa.
426 1566 482 1627 Per
492 1567 547 1627 hos
563 1566 710 1627 sollicitati
723 1567 837 1648 reliqui,
852 1587 907 1628 nec
919 1568 993 1629 adeo
1001 1567 1098 1644 multi,

102 1652 178 1713 haud
190 1650 275 1712 dubia
285 1651 404 1729 fiducia,
422 1653 451 1712 in
469 1654 535 1731 ipso
554 1653 673 1729 negotio
692 1651 783 1731 pluris
800 1653 958 1714 adfuturos.
982 1653 1127 1714 Tuleratfi

103 1739 212 1798 animus
227 1746 294 1814 post
304 1737 489 1815 adoptionem
501 1738 596 1796 statim
607 1745 700 1796 castra
709 1755 856 1816 occupare
872 1747 1100 1815 caenantemque

2 1861 15 1877 .
102 1825 132 1882 in
150 1820 260 1881 Palatio
280 1820 399 1882 Galbam
415 1820 554 1898 adgredi,
572 1820 625 1880 sed
643 1820 755 1881 obstitit
777 1831 931 1901 respectus
958 1820 1097 1898 cohortis,

104 1923 178 1984 quae
192 1914 258 1965 tune
272 1904 443 1984 excubabat,
457 1923 494 1964 ne
507 1913 675 1965 oneraretur
686 1904 803 1982 invidia,
817 1905 892 1984 qnod
907 1906 1097 1965 eiusdemsta-

66 2016 92 2056 ιο
103 1992 182 2050 tione
194 1998 224 2048 et
236 1988 322 2050 Gaius
334 1989 428 2048 luerat
440 1989 555 2049 occisus
568 1996 597 2047 et
615 1987 747 2048 desertus
760 1987 849 2049 Nero.
884 1989 1010 2049 Medium
1027 2007 1097 2066 quo-

103 2092 160 2152 que
173 2083 285 2153 tempus
297 2072 402 2150 religio
413 2082 442 2132 et
455 2072 596 2132 Seleucus
607 2073 722 2132 exemit.

169 2157 250 2236 Ergo
264 2158 406 2218 destinata
418 2156 475 2234 die,
489 2157 675 2234 praemonitis
689 2158 815 2217 consciis
825 2167 856 2218 ut
868 2175 900 2217 se
920 2159 950 2216 in
965 2156 1031 2218 foro
1044 2156 1096 2218 sub

103 2243 177 2304 aede
189 2243 302 2303 Saturni
314 2241 350 2304 ad
359 2241 510 2302 Miliarium
522 2259 638 2300 aureum
654 2243 866 2320 opperirentur,
878 2259 961 2301 mane
977 2240 1097 2302 Galbam

10 2367 17 2382 .
103 2327 253 2405 salutavit,
271 2336 359 2406 utque
379 2334 571 2386 consueverat
588 2324 690 2385 oseulo
709 2334 867 2405 exceptus,
884 2327 969 2386 etiam
988 2326 1095 2386 sacriti-

65 2441 92 2482 25
105 2414 181 2473 canti
194 2413 321 2472 interluit
334 2411 499 2490 audivitque
511 2409 658 2488 praedicta
670 2409 842 2490 haruspicis.
860 2410 974 2470 Deinde
990 2409 1095 2470 liberto

102 2497 207 2557 adesse
219 2496 395 2557 architectos
406 2497 568 2571 nuntiante,
582 2494 659 2573 quod
671 2497 784 2572 signum
802 2505 994 2574 convenerat,
1014 2497 1096 2575 quasi

101 2581 235 2641 venalem
247 2580 360 2640 domum
371 2583 555 2658 inspecturus
567 2579 720 2658 abscessit,
734 2582 934 2660 proripuitque
942 2599 974 2640 se
982 2582 1096 2659 postica

1 2679 7 2686 “
102 2675 185 2745 parte
197 2664 288 2726 Palati
302 2665 338 2724 ad
355 2667 547 2725 constitutum.
569 2663 629 2724 Alii
645 2664 757 2724 febrem
769 2666 920 2726 simulasse
933 2667 1010 2725 aiunt
1019 2681 1094 2724 eam-

2 3539 18 3573 pl

102 2769 159 2830 que
173 2751 389 2810 excusationem
400 2750 540 2828 proximis
561 2749 728 2827 mandasse,
747 2751 771 2808 si
785 2757 983 2828 quaereretur.
1015 2746 1095 2808 Tunc

65 2848 91 2890 no
102 2834 216 2904 abditus
230 2852 356 2913 propere
367 2833 498 2893 muliebri
511 2833 584 2894 sella
596 2835 625 2892 in
638 2842 731 2894 eastra
744 2833 900 2909 contendit,
913 2851 947 2892 ac
959 2831 1094 2892 delicien-

100 2919 178 2978 tibus
197 2917 344 2978 lecticaris
361 2936 424 2977 cum
440 2918 640 2978 descendisset
658 2936 829 2996 cursumque
842 2919 980 2996 cepisset,
996 2916 1093 2976 laxato

101 3002 204 3063 calceo
219 3004 333 3082 restitit,
353 3002 446 3063 donec
459 3004 567 3063 omissa
577 3020 655 3062 mora
668 3002 854 3080 succollatus,
868 3011 924 3062 eta
939 3007 1094 3079 praesente

101 3089 243 3149 comitatu·
251 3089 408 3166 imperator
422 3087 631 3163 consalutatus,
648 3089 723 3146 inter
743 3087 853 3146 faustas
872 3085 1093 3146 adclamationes

101 3173 278 3251 strictosque
296 3172 410 3250 gladios
428 3171 464 3232 ad
482 3172 623 3251 principia
645 3171 776 3251 devenit,
799 3171 886 3232 obvio
904 3187 1021 3249 qnoque
1037 3185 1094 3228 non

66 3268 91 3310 ³⁵
102 3256 186 3317 aliter
198 3275 232 3316 ac
245 3258 269 3316 si
283 3259 418 3318 conscius
432 3266 460 3317 et
473 3259 620 3336 particeps
637 3257 714 3316 foret
728 3255 912 3317 adhaerente.
937 3255 980 3314 lbi
997 3253 1094 3312 missis

101 3341 150 3419 qui
169 3340 286 3402 Galbam
300 3350 328 3402 et
340 3342 473 3403 Pisonem
483 3341 672 3419 trucidarent,
685 3340 721 3400 ad
735 3339 932 3402 conciliandos
951 3339 1092 3419 pollicita·

101 3425 228 3486 tionibus
240 3427 357 3487 militum
371 3429 480 3488 animos
492 3425 561 3485 nihil
573 3427 666 3503 magis
678 3443 731 3504 pro
750 3428 887 3488 contione
903 3434 1025 3486 testatus
1037 3429 1092 3499 est,

103 3526 187 3587 quam
199 3511 227 3573 id
240 3509 352 3573 demum
363 3531 395 3573 se
407 3511 577 3589 habiturum,
591 3509 668 3590 quod
681 3510 736 3572 sibi
748 3511 792 3573 illi
804 3511 999 3592 reliquissent.

880 3596 942 3660 14*
