2468 3912
425 247 528 296 nrvns
548 248 737 298 nuansnus
1028 243 1075 304 73·

74 403 124 480 ibi,
139 402 232 463 donec
245 400 359 462 residua
374 401 465 461 diurni
479 412 558 462 actus
572 410 622 462 aut
636 406 729 464 omnia
745 414 791 465 aut
804 424 841 465 ex
852 408 972 468 maxima
985 418 1068 487 parto

76 487 248 563 conficeret,
268 485 304 545 ad
326 486 442 546 multam
460 495 575 546 noctem
595 487 791 564 permanebat.
820 489 853 550 ln
874 491 979 551 lectum
1000 492 1067 552 inde

74 582 288 648 transgressus,
305 586 362 629 non
378 570 498 649 amplius
513 589 575 629 cum
591 571 740 649 plurimum
756 591 839 650 quam
853 583 965 653 septem
980 576 1067 636 horas

74 654 249 732 dormiebat,
270 673 305 714 ac
327 672 364 712 ne
385 673 435 713 eas
456 653 569 732 quidem
587 656 751 733 continuas,
774 657 827 717 sed
845 667 874 718 ut
889 659 917 717 in
932 659 983 719 illo
997 669 1066 719 tenr-

54 739 156 819 cporis
178 740 272 818 spatio
293 748 338 798 ter
354 747 402 797 aut
420 747 521 817 quater
537 739 801 817 expergisceretur.
834 742 864 801 Si
879 742 1068 822 interruptum

73 842 202 883 somnum
225 824 410 902 reciperare,
434 831 462 882 ut
485 825 595 899 euenit,
621 839 677 882 non
699 832 815 903 posset,
841 825 1000 887 lectoribus
1021 836 1069 888 aut

73 906 285 968 fabulatoribus
301 907 450 966 arcessitis
464 907 644 984 resumebat,
667 907 904 987 producebatque
921 910 994 971 ultra
1011 913 1067 991 pri-

72 1010 146 1052 mam
169 1008 259 1069 saepe
284 990 387 1051 lucem.
427 989 491 1050 Nec
514 992 542 1050 in
565 991 692 1051 tenebris
713 992 843 1068 uigilauit
863 1012 993 1072 umquam
1014 996 1068 1054 nisi

73 1075 218 1137 assidente
242 1075 350 1154 aliquo.
392 1074 528 1136 llatutina
549 1075 648 1152 vigilia
670 1075 883 1145 offendebatur;
913 1096 948 1137 ac
972 1079 996 1137 si
1020 1078 1068 1137 uel

41 1161 164 1221 rooificii
190 1159 236 1218 vel
261 1160 337 1219 sacri
361 1177 448 1219 causa
471 1160 607 1220 maturius
632 1159 825 1236 evigilandum
852 1170 947 1238 esset,
976 1179 1012 1220 ne
1040 1161 1068 1220 id

72 1252 174 1306 contra
196 1242 373 1303 commodum
394 1243 522 1318 iaceret,
545 1246 573 1302 in
595 1245 727 1322 proximo
749 1245 953 1322 cuiuscumque
971 1243 1066 1304 dome-

72 1330 211 1389 sticorum
237 1326 393 1387 caenaculo
421 1325 563 1386 manebat.
605 1327 654 1386 Sic
679 1344 796 1406 quoque
821 1345 911 1406 saepe
933 1328 1067 1406 indigens

24 1439 29 1460 ν
71 1413 182 1487 somni,
211 1420 239 1470 et
265 1410 330 1470 dum
354 1428 408 1489 per
430 1411 513 1471 vicos
534 1409 737 1488 deportaretur
756 1421 785 1470 et
808 1411 941 1489 deposita
962 1412 1067 1472 lectica

70 1498 148 1556 inter
162 1495 274 1573 aliquas
289 1510 384 1554 moras
401 1493 626 1554 condormiebat.

39 1593 61 1634 rs
134 1579 238 1638 Forma
258 1579 310 1638 iuit
329 1580 431 1639 eximia
450 1586 478 1638 et
499 1597 552 1658 per
567 1596 667 1638 omnes
684 1580 786 1639 aetatis
801 1579 908 1657 gradus
926 1581 1110 1649 venustis-79

70 1667 159 1730 sima;
181 1679 349 1740 quamquam
370 1670 399 1722 et
420 1665 511 1723 omnis
532 1663 670 1722 lenocinii
694 1663 858 1740 neglegens
879 1671 907 1723 et
927 1663 1067 1743 incapite

71 1745 216 1807 comendo
237 1754 293 1806 tam
316 1747 493 1823 incuriosus,
517 1755 546 1806 ut
565 1747 668 1826 raptim
689 1747 885 1826 compluribus
903 1749 984 1808 simul
1005 1757 1067 1808 ton·

71 1830 190 1890 sonibus
211 1847 329 1908 operam
352 1830 448 1908 daret,
472 1850 506 1891 ao
521 1831 606 1892 modo
623 1831 757 1892 tonderet
769 1831 855 1892 modo
875 1831 990 1892 raderet
1002 1832 1066 1894 bar·

67 1917 154 1991 bam,
177 1931 272 1991 eoque
291 1915 355 1993 ipso
369 1923 501 1992 tempore
519 1925 566 1974 aut
580 1915 696 1990 legeret
710 1915 818 1992 aliquid
834 1924 881 1974 aut
897 1915 981 1974 etiam
996 1917 1066 1976 scri-

37 2000 167 2059 aoberet.
197 1996 284 2057 Vultu
304 2006 366 2058 erat
384 1998 430 2057 vel
450 1998 478 2056 in
494 2016 627 2058 sermone
645 1997 691 2056 uel
707 1997 810 2057 tacitus
826 1997 899 2057 adeo
913 1999 1066 2076 tranquillo

71 2098 257 2159 serenoque,
279 2089 309 2141 ut
333 2081 445 2159 quidam
467 2099 483 2141 e
501 2079 674 2159 primoribus
690 2079 845 2142 Galliarum
864 2080 1017 2140 confessus
1032 2081 1068 2142 sit

70 2168 148 2226 inter
172 2183 258 2242 suos,
283 2181 320 2225 eo
343 2183 375 2225 se
400 2164 545 2226 inhibitum
566 2182 601 2224 ac
620 2163 807 2240 remollitum,
830 2180 886 2242 quo
911 2164 1017 2241 minus,
1038 2173 1068 2224 ut

72 2249 246 2324 destinarat,
274 2249 302 2307 in
330 2250 450 2310 transitu
473 2248 588 2327 Alpium
616 2266 669 2327 per
691 2247 900 2308 simulationem
921 2248 1067 2326 conloquii

72 2333 195 2413 propius
211 2332 360 2410 admissus,
376 2334 403 2392 in
419 2334 619 2411 praecipitium
637 2331 827 2410 propelleret.
848 2329 956 2390 Oculos
971 2329 1068 2391 habuit

38 2418 172 2477 acclaroa
201 2435 235 2478 ac
257 2416 378 2494 nitidos,
406 2417 509 2495 quibus
534 2417 618 2476 etiam
645 2416 802 2475 existimari
827 2413 945 2475 volebat
971 2416 1068 2476 inesse

72 2500 207 2580 quiddam
227 2500 314 2561 divini
328 2502 454 2579 vigoris,
478 2500 697 2578 gaudebatque,
720 2499 807 2577 siqui
823 2499 876 2560 sibi
891 2500 985 2559 acrius
1000 2518 1067 2560 con-

71 2586 162 2644 tuenti
181 2585 262 2662 quasi
286 2584 322 2645 ad
346 2585 491 2662 fulgorem
517 2584 588 2645 solis
613 2583 720 2642 vultum
742 2585 942 2652 summitteret;
968 2584 1068 2644 sedin

72 2677 192 2728 senecta
212 2669 328 2730 sinistro
347 2670 438 2729 minus
460 2668 543 2736 uidit;
565 2668 667 2728 dentes
681 2685 763 2727 raros
778 2676 807 2726 et
821 2669 943 2744 exiguos
960 2677 988 2726 et
1004 2685 1066 2726 sca-

72 2752 157 2820 bros;
177 2751 312 2831 capillum
325 2752 430 2812 leviter
446 2753 580 2812 inllexum
596 2760 626 2811 et
639 2750 810 2818 subflavum3
830 2750 984 2830 supercilia
1001 2767 1067 2810 con·

41 2837 187 2906 ttiuncta3
203 2837 366 2897 mediocres
381 2854 465 2897 aures
474 2859 482 2905 ;
500 2853 599 2896 nasum
613 2844 641 2894 et
656 2852 796 2896 asumma
812 2834 1026 2894 eminentiorem
1040 2840 1069 2892 et

73 2919 109 2980 ab
136 2921 192 2980 imo
217 2920 425 2990 deductiorem;
453 2921 583 2980 colorem
605 2919 679 2978 inter
699 2918 825 2998 aquilum
848 2915 1066 2995 candidumque;

74 3012 210 3064 staturam
225 3004 361 3083 breuem,
377 3005 475 3085 (quam
489 3013 583 3064 tamen
598 3003 686 3063 lulius
699 3001 858 3077 Marathus,
875 2999 995 3059 libertus
1010 3009 1068 3058 eta

73 3090 211 3148 memoria
229 3090 306 3166 eius,
322 3091 446 3168 quinque
461 3087 565 3168 pedum
582 3095 611 3146 et
625 3085 772 3146 dodrantis
787 3085 877 3144 iuisse
894 3082 994 3161 tradit)
1016 3083 1068 3142 sed

75 3189 149 3249 quae
171 3174 372 3234 commoditate
395 3181 423 3232 et
446 3171 589 3251 aequitate
612 3169 803 3251 membrorum
821 3167 1018 3244 occuleretur,
1038 3175 1075 3226 ut'

40 3273 66 3313 ce
75 3257 188 3315 nonnisi
204 3276 241 3316 ex
257 3258 473 3336 comparatione
485 3255 603 3316 astantis
615 3253 736 3314 alicuius
749 3251 926 3331 procerioris
938 3250 1066 3326 intellegi

96 3347 185 3398 osset.

23 3439 25 3448 ’
74 3357 92 3418 p
118 3421 251 3503 Corpore
274 3423 393 3485 traditur
419 3423 583 3497 maculoso,
611 3420 750 3500 dispersis
777 3438 830 3500 per
855 3428 956 3498 pectus
982 3427 1109 3496 atqueao

74 3505 170 3568 alvum
194 3507 337 3585 genetiuis
364 3507 440 3568 notis
466 3508 494 3566 in
520 3497 633 3566 modum
659 3514 688 3566 et
712 3503 840 3566 ordinem
866 3521 902 3564 ao
921 3519 1066 3563 numerum
