2468 3912
507 229 676 279 ursmarus.
1061 219 1101 283 89

98 383 196 464 polim
215 382 266 443 sub
288 384 479 462 inruptionem
495 381 587 444 hostis
605 386 748 461 navigium
769 384 842 445 clam
863 384 989 462 petentis
1004 386 1102 461 vagitu

100 485 158 529 suo
180 485 273 548 paene
293 467 338 528 bis
359 467 499 546 prodidit,
523 467 613 527 semel
629 486 692 527 curn
708 487 724 529 a
739 470 856 529 nutricis
872 466 979 546 ubere,
1000 469 1102 530 iterum

100 570 170 612 cum
189 570 205 612 a
220 553 283 611 sinu
297 555 395 612 matris
416 553 519 632 raptim
539 551 698 613 auferretur
714 551 749 612 ab
765 556 813 630 iis,
836 553 883 632 qui
905 569 958 630 pro
975 556 1101 614 necessi·

99 645 163 696 tate
181 637 319 714 temporis
335 635 518 696 mulierculas
534 635 633 696 levare
651 653 740 696 onere
758 635 943 716 temptabant.
986 637 1042 696 Per
1059 639 1101 698 Si·

75 719 200 780 sciliam
212 736 326 799 quoque
342 729 372 780 et
386 738 439 798 per
448 719 586 780 Achaiam
596 719 814 800 circumductus,
826 737 860 780 ac
869 719 1102 784 Lacedaemoniis

98 803 234 882 publice,
252 803 328 882 quod
341 805 369 862 in
384 803 473 865 tutela
489 803 671 865 Claudiorum
687 813 778 880 erant,
795 802 988 882 demandatus,
1007 805 1101 884 digre-

100 887 188 948 diens
208 886 274 948 iude
294 888 396 948 itinere
411 897 551 949 nocturno
569 889 720 949 discrimen
737 890 812 948 vitae
828 888 910 964 adiit,
932 888 1044 950 llamrna
1057 909 1102 950 re·

2 1028 14 1047 „
99 981 194 1052 pente
217 990 233 1033 a
255 970 336 1033 siluis
358 971 481 1052 undique
504 982 619 1050 exorta,
647 972 777 1052 adeoque
804 989 916 1031 omnem
941 975 1102 1034 comitatum

101 1056 318 1136 circumplexa,
341 1065 370 1116 ut
389 1056 487 1117 liviae
511 1075 577 1136 pars
598 1059 687 1116 vestis
710 1065 739 1116 et
759 1055 859 1134 capilli
877 1054 1101 1116 amburereutnr.

65 1157 90 1198 no
99 1140 241 1218 Munera,
264 1138 365 1218 quibus
381 1158 397 1200 a
414 1140 565 1220 Pompeia,
588 1143 657 1201 Ser.
677 1139 796 1219 Pompei
814 1156 933 1216 sorore,
956 1141 985 1199 in
1004 1140 1102 1201 Sicilia

99 1225 228 1286 donatus
243 1231 297 1300 est,
314 1223 413 1284 clarnis
431 1233 460 1284 et
474 1225 560 1286 fibula
574 1228 641 1285 item
653 1223 747 1285 bullae
763 1240 878 1300 aureae,
893 1221 994 1282 durant
1008 1232 1101 1284 osten·

99 1309 266 1388 dunturque
281 1306 372 1369 adbuc
384 1305 461 1368 Bais.
487 1308 556 1368 Post
570 1309 691 1368 reditum
704 1310 733 1368 in
748 1307 848 1369 urbem
863 1325 879 1367 a
893 1307 932 1367 bl.
948 1306 1041 1367 Gallio
1056 1326 1101 1367 se·

98 1401 208 1452 natore
218 1399 389 1452 testamento
402 1387 563 1473 adoptatus,
570 1391 730 1453 hereditate
747 1391 821 1453 adita
833 1409 900 1452 mon
912 1393 1025 1452 nomine
1037 1391 1100 1452 abs-

2 1498 5 1514 ¹
100 1476 202 1550 tinuit,
218 1474 294 1554 quod
307 1474 415 1536 Gallius
432 1475 615 1537 adversarum
630 1476 761 1553 Augusto
779 1476 900 1556 partium
917 1476 1020 1536 iuerat.

63 1579 90 1620 15
169 1557 281 1618 Novem
292 1568 374 1619 natus
386 1577 475 1622 annos
491 1559 654 1620 defunctum
665 1571 775 1640 patrem
787 1578 841 1641 pro
853 1561 954 1621 rostris
966 1559 1100 1638 laudavit.

99 1641 218 1703 Dehinc
239 1640 403 1720 pubescens
417 1643 539 1705 Actiaco
555 1646 695 1725 triumpho
716 1663 828 1706 currum
847 1643 970 1722 Augusti
986 1647 1100 1706 comita·

2 1772 7 1784 r
102 1735 152 1786 tus
167 1734 213 1785 est
227 1725 405 1788 sinisteriore
420 1727 508 1790 funali
525 1747 610 1809 equo,
627 1748 690 1790 cum
703 1729 858 1792 Marcellus
874 1728 1011 1790 Octaviae
1026 1729 1102 1790 filius

103 1809 273 1871 dexteriore
288 1810 451 1871 veheretur.
495 1812 644 1874 Praesedit
658 1823 688 1874 et
702 1816 799 1874 asticis
814 1813 902 1890 ludis,
921 1822 950 1872 et
964 1811 1101 1873 Troiam*

104 1893 296 1972 circensibus,
312 1894 413 1955 ductor
425 1904 533 1956 turmae
546 1915 699 1975 puerorum
714 1899 859 1958 maiorum.

66 2000 93 2042 so
172 1977 256 2038 Virili
270 1986 341 2056 toga
355 1986 482 2057 sumpta,
502 1978 723 2041 adulescentiam
739 1998 850 2041 omnem
865 1980 1043 2059 spatiumque
1060 1981 1127 2038 ini

103 2065 254 2142 sequentis
280 2062 382 2123 aetatis
406 2080 495 2140 usque
521 2061 556 2122 ad
577 2065 754 2142 principatus
776 2065 855 2123 initia
874 2081 928 2141 per
946 2063 1019 2123 baec
1037 2062 1101 2122 iere

103 2147 257 2223 transegit.
285 2147 386 2207 liunus
401 2144 601 2223 gladiatorium
615 2148 643 2206 in
657 2148 820 2208 memoriam
837 2147 926 2225 patris
940 2155 969 2205 et
983 2145 1102 2206 alterum

3 2261 6 2278 ι
103 2233 134 2290 in
150 2231 195 2290 avi
209 2229 295 2290 Drusi
317 2229 409 2307 dedit,
430 2229 553 2291 diversis
574 2230 750 2310 temporibus
773 2248 808 2290 ac
829 2231 917 2307 locis,
940 2231 1059 2307 primum
1073 2232 1102 2288 in

104 2315 188 2390 foro,
207 2313 361 2374 secuudum
379 2315 408 2374 in
425 2314 648 2394 amphitheatro,
669 2314 790 2375 rudiaris
808 2332 921 2394 quoque
936 2313 1102 2393 quibusdam

68 2407 94 2447 ²⁵
104 2399 252 2458 revocatis
267 2407 482 2459 auctoramento
499 2408 649 2460 centenum
662 2400 782 2469 milium;
798 2398 875 2458 dedit
891 2406 919 2458 et
932 2397 1031 2477 ludos,
1049 2397 1101 2460 sed

105 2479 227 2542 absens:
243 2491 345 2542 cuncta
360 2484 529 2561 magnilica,
545 2485 664 2563 inpensa
677 2485 775 2545 matris
790 2501 824 2543 ac
841 2484 943 2542 vitrici.

168 2564 369 2645 Agrippinam,
383 2567 481 2628 liaroo
497 2566 630 2646 Agrippa
645 2570 780 2646 genitam,
796 2577 912 2646 neptem
927 2565 1036 2627 Caecili
1049 2564 1100 2625 At

104 2650 154 2709 tici
171 2650 273 2728 equitis
280 2651 315 2712 tt.
324 2650 360 2711 ad
377 2669 461 2730 quern
476 2660 540 2710 sunt
548 2650 697 2713 Ciceronis
712 2651 864 2731 epistolae,
879 2652 957 2713 duxit
966 2667 1099 2718 uxorem;
1147 2681 1149 2687 ·

105 2731 276 2813 sublatoque
294 2752 332 2794 ex
352 2752 387 2794 ea
402 2735 461 2795 lilio
476 2734 587 2812 Druso,
612 2754 770 2815 quanquam
788 2735 862 2796 bene
883 2734 1102 2795 convenientem

69 2833 95 2876 ao
106 2835 262 2896 rursusque
283 2817 433 2894 gravidam
454 2817 609 2897 dimittere,
633 2838 667 2881 ae
680 2819 779 2881 Iuliam
793 2819 917 2896 Augusti
934 2817 1020 2878 liliam
1034 2833 1101 2876 con·

105 2901 201 2960 iestim
218 2910 336 2962 coaetus
351 2912 396 2963 est
411 2902 529 2980 ducere,
542 2921 599 2964 non
613 2905 675 2964 sine
689 2922 793 2981 magno
806 2920 915 2980 angore
932 2900 1025 2977 animi,
1039 2917 1102 2960 eum

104 2993 136 3045 et
148 2983 329 3064 Agrippinae
345 2985 550 3047 consuetudine
566 2996 712 3048 teneretur
731 2997 760 3047 et
776 2987 866 3048 Iuliae
885 3002 981 3044 mores
997 2985 1100 3062 impro-

104 3068 203 3138 baret;
225 3078 255 3130 ut
268 3088 352 3149 quam
365 3072 505 3132 sensisset
519 3073 563 3131 sui
577 3089 691 3150 quoque
713 3071 766 3131 sub
781 3072 879 3150 priore
894 3069 996 3127 marito
1012 3085 1100 3146 appe·

105 3161 227 3231 tentem,
242 3151 318 3234 quod
333 3172 402 3216 sane
418 3157 503 3216 etiarn
518 3155 606 3232 vulgo
624 3154 846 3215 existimabatur.
891 3151 949 3212 Sed
962 3150 1100 3233 Agrippi·

70 3254 169 3298 anam
190 3247 220 3297 et
240 3236 375 3315 abegisse
396 3249 463 3318 post
480 3238 629 3300 divortium
650 3237 754 3316 doluit,
776 3247 805 3298 et
826 3236 916 3298 semel
933 3237 1046 3296 omnino
1062 3253 1100 3296 ex

104 3338 227 3382 occursu
244 3322 334 3382 risam
350 3321 423 3383 adeo
439 3325 581 3383 contentis
598 3333 627 3383 et
639 3322 799 3383 umentibus
819 3320 910 3382 oculis
928 3328 1099 3401 prosecutus

104 3414 164 3482 est,
191 3414 220 3465 ut
241 3405 411 3466 custoditum
431 3409 469 3467 sit
487 3425 524 3466 ne
545 3425 675 3486 umquam
689 3407 717 3466 in
734 3415 921 3486 conspectum
936 3406 963 3465 ei
978 3403 1100 3484 posthac

7 3509 27 3528 ²
103 3489 226 3549 reniret.
272 3487 342 3549 cum
355 3489 426 3552 lulia
441 3492 533 3571 primo
550 3491 732 3552 concorditer
747 3500 777 3552 et
792 3509 888 3553 amore
905 3488 1084 3551 mutuorixit
1175 3535 1177 3538 .
