2468 3912
134 219 172 282 16
222 233 250 280 c.
267 234 414 283 sunronr
429 233 552 293 ummo.
568 234 614 280 on
629 232 711 280 arra
726 231 989 280 cassanum-crs.
1007 233 1029 279 r.

128 388 270 466 peiusque
282 386 480 462 confugerant,
499 387 713 463 quamprimum
729 385 950 444 transfretaturi.
980 382 1040 442 Hos
1058 382 1116 442 fru·

128 477 187 528 stra
209 487 262 547 per
281 471 370 528 omnis
388 486 481 528 moras
497 471 576 528 exitu
592 468 749 546 prohibere
768 476 903 545 conatus,
925 467 1042 526 Romam
1059 469 1116 525 iter

128 553 274 612 conuertit
292 552 502 630 appellatisque
520 552 556 611 de
576 551 738 630 republica
758 551 905 629 patribus,
927 549 1115 609 validissimas
1206 603 1220 655 p

127 633 246 714 Pompei
271 637 388 712 copias,
417 652 490 712 quae
512 634 564 693 sub
588 635 679 694 tribus
701 634 806 712 legatis
831 633 868 693 H.
891 633 1009 694 Petreio
1033 642 1063 692 et
1083 631 1113 693 L.

126 717 248 777 Afranio
265 727 295 779 et
308 717 346 777 bl.
363 717 494 777 Varrone
513 719 541 776 in
557 716 691 796 Hispania
709 726 806 794 erant,
824 719 945 793 invasit,
963 716 1140 794 professusu
1223 731 1230 781 t

127 810 193 860 ante
214 803 289 861 inter
310 819 397 878 suos,
419 804 465 862 ire
477 819 509 862 se
528 803 569 861 ed
587 805 750 862 exercitum
764 806 827 862 sine
841 803 928 872 duce,
945 809 974 861 et
986 802 1056 860 fode
1069 817 1115 860 re·

127 901 279 946 versorum
305 886 348 944 ad
373 887 475 945 ducem
499 888 563 946 sine
590 888 732 946 exercitu.
780 882 818 943 Et
845 902 1011 963 quamquam
1037 883 1114 941 obsi·

126 965 212 1026 dione
229 965 390 1044 Massiliae,
411 966 557 1044 quaesibi
576 967 606 1025 in
623 967 728 1027 itinere
743 975 842 1046 portas
862 967 1021 1044 clauserat,
1041 987 1115 1027 sum·

123 1074 224 1134 maque
252 1056 454 1116 frumentariae
479 1056 522 1114 rei
548 1055 684 1133 paenuria
710 1054 888 1132 retardante,
918 1055 999 1112 brevi
1024 1062 1119 1114 tamen

125 1140 218 1201 omnia
243 1140 367 1218 subegit.
409 1139 483 1200 Hinc
506 1139 576 1198 urbe
598 1139 734 1218 repetita,
757 1141 786 1199 in
808 1137 1005 1199 Macedoniam
1027 1145 1152 1198 trans-n

124 1243 255 1303 gressus,
273 1224 449 1304 Pompeium,
467 1243 520 1304 per
538 1233 670 1303 quattuor
686 1241 779 1301 paene
795 1242 908 1283 menses
924 1223 1053 1282 maximis
1067 1221 1118 1280 ob·

125 1327 236 1370 sessum
258 1310 413 1388 operibus,
438 1309 474 1369 ad
495 1318 652 1368 extremum
674 1307 840 1368 Pharsalico
862 1307 973 1386 praelio
996 1305 1067 1365 fudit
1090 1313 1120 1364 et

124 1393 281 1471 fugientem
298 1392 502 1453 Alexandriam
525 1400 711 1473 persecutus,
728 1400 758 1451 ut
774 1392 900 1452 occisum
917 1389 1118 1470 deprehendit,
1189 1446 1210 1484 ἱ

126 1495 189 1537 cum
205 1476 371 1537 Ptolemaeo
387 1495 475 1553 rege,
501 1496 517 1536 a
534 1494 591 1554 quo
608 1477 662 1536 sibi
680 1492 796 1555 quoque
813 1474 930 1535 insidias
946 1474 1023 1535 tendi
1041 1475 1118 1533 vide·
1231 1544 1233 1557 .

125 1560 186 1635 bat,
203 1559 310 1619 bellum
324 1578 394 1619 sane
410 1560 605 1620 difficillimum
621 1563 731 1638 gessit,
749 1578 843 1638 neque
855 1559 923 1620 loco
939 1567 1153 1637 nequetem·1a
1232 1602 1233 1607 ,

125 1661 198 1723 pore
217 1661 328 1721 aequo,
351 1643 403 1702 sed
422 1642 514 1703 hieme
533 1646 597 1704 anni
615 1654 642 1704 et
658 1645 729 1704 intra
744 1645 858 1705 moenia
877 1643 1069 1722 copiosissimi
1084 1659 1119 1702 ac

126 1726 318 1788 sollertissimi
332 1727 440 1802 hostis,
462 1727 546 1806 inops
568 1729 631 1806 ipse
653 1729 775 1788 omnium
795 1746 890 1788 rerum
905 1737 991 1806 atque
1006 1727 1118 1806 inpara-

125 1823 179 1872 tus.
222 1811 354 1888 Regnum
370 1811 500 1889 Aegypti
521 1812 613 1871 victor
636 1810 809 1891 Cleopatrae
830 1812 969 1890 fratrique
989 1813 1050 1871 eius
1069 1809 1117 1867 mi·
1195 1803 1219 1844 Ὗ

124 1897 188 1955 nori
206 1895 351 1974 permisit,
368 1897 475 1954 veritus
491 1896 667 1973 provinciam
685 1897 800 1971 facere,
817 1914 853 1955 ne
872 1896 1044 1975 quandoque
1059 1893 1119 1954 vio

125 1981 275 2040 lentiorem
306 1979 469 2058 praesidem
492 1988 575 2040 nacta
601 1997 737 2039 novarum
764 1997 859 2040 rerum
884 1980 1002 2040 materia
1031 1985 1152 2038 essetao

124 2064 170 2124 Ab
187 2063 362 2124 Alexandria
378 2065 405 2123 in
421 2063 532 2139 Syriam
550 2072 578 2123 et
594 2064 658 2123 inde
673 2063 791 2124 Pontum
807 2065 932 2140 transiit,
950 2061 1120 2140 urgentibus

124 2149 160 2209 de
176 2147 323 2209 Pharnace
344 2149 464 2224 nuntiis,
490 2166 573 2226 quem
594 2146 762 2209 Mithridatis
778 2147 876 2225 Magni
892 2148 980 2208 lilium
1002 2164 1036 2206 ac
1053 2154 1121 2205 tunc

124 2234 280 2293 occasione
307 2240 467 2311 temporum
488 2231 643 2292 bellantem
670 2232 781 2310 iamque
809 2231 958 2311 multiplici
982 2246 1120 2291 successu
1164 2268 1209 2325 κ

123 2317 341 2396 praeferocem,
370 2318 441 2376 intra
463 2317 590 2394 quintum
613 2333 696 2394 quam
718 2315 848 2376 adfuerat
871 2316 959 2393 diem,
988 2321 1121 2394 quattuor
1228 2382 1233 2401 .

125 2398 228 2478 quibus
250 2401 278 2459 in
295 2409 483 2478 conspectum
499 2401 577 2459 venit
591 2399 685 2476 horis,
708 2417 763 2459 una
779 2400 945 2479 profligavit
962 2401 1039 2467 acie;
1057 2415 1152 2458 cre-as

124 2483 178 2542 bro
197 2497 424 2543 commemorans
434 2482 554 2562 Pompei
569 2482 750 2560 felicitatem,
769 2485 814 2544 cui
830 2485 988 2564 praecipua
1003 2482 1121 2543 militiae

123 2567 186 2627 laus
204 2565 239 2624 de
256 2574 312 2626 tam
333 2566 431 2627 inbelli
446 2585 557 2644 genere
577 2566 701 2628 hostium
719 2569 897 2645 contigisset.
927 2566 1040 2627 Dehinc
1060 2565 1120 2626 Sci·
1221 2622 1226 2634 ,

123 2651 240 2732 pionem
262 2668 296 2710 ac
317 2650 416 2711 lubam
437 2651 575 2730 reliquias
596 2653 717 2730 partium
737 2654 765 2712 in
782 2651 882 2712 Africa
898 2651 1057 2712 refoventis
1073 2648 1120 2709 de-

82 2735 206 2811 esvicit,
226 2733 346 2814 Pompei
369 2735 478 2796 liberos
498 2736 526 2794 in
539 2735 686 2814 Hispania.
731 2735 868 2797 Omnibus
884 2735 1017 2796 civilibus
1035 2733 1121 2794 bellis

123 2819 229 2880 nullam
252 2819 362 2880 cladem
383 2819 438 2879 nisi
457 2836 512 2898 per
527 2820 641 2897 legatos
657 2837 726 2880 suos
742 2838 845 2900 passus
869 2829 927 2896 est,
950 2837 1070 2899 quorum
1087 2814 1119 2876 (l.
1131 2837 1156 2879 sc

125 2902 211 2964 Curio
228 2905 257 2962 in
271 2903 371 2964 Africa
388 2904 489 2982 periit,
512 2901 545 2962 C.
561 2903 702 2964 Antonius
717 2906 745 2963 in
760 2904 877 2980 Illyrico
893 2904 921 2962 in
939 2902 1120 2964 adversario·

122 3007 185 3048 rum
200 2987 316 3048 devenit
332 2997 520 3067 potestatem,
537 2987 568 3047 P.
582 2987 736 3049 Dolabella
752 2989 874 3049 classem
890 2988 919 3046 in
936 2987 1039 3047 eodem
1053 2985 1120 3059 llly·
1182 2983 1203 3008 '¹

122 3073 200 3149 rico,
222 3070 282 3132 CN.
300 3072 443 3132 Domitius
459 3070 595 3131 Calvinus
616 3074 644 3131 in
659 3072 751 3133 Ponto
775 3073 933 3133 exercitum
955 3071 1120 3133 amiserunt.

122 3153 191 3232 lpse
208 3159 405 3235 prosperrime
420 3173 536 3234 semper
548 3175 584 3217 ac
598 3173 635 3216 ne
651 3158 768 3234 ancipiti
784 3157 897 3235 quidem
917 3172 1048 3236 umquam
1063 3153 1120 3213 for-

121 3247 205 3314 tuna,
222 3250 424 3320 praeterquam
439 3240 498 3314 bis,
518 3241 674 3301 dimicavit:
696 3240 786 3300 semel
802 3240 838 3302 ad
851 3239 1057 3316 Dyrrachium,
1073 3236 1122 3298 ubi
1132 3253 1157 3294 aa

123 3320 237 3400 pulsus,
260 3341 317 3382 non
339 3326 461 3384 instante
484 3323 641 3404 Pompeio,
665 3326 782 3402 negavit
804 3344 868 3385 eum
889 3326 1007 3384 uincere
1033 3323 1121 3395 scire,

122 3406 223 3463 iterum
234 3405 262 3462 in
274 3405 410 3486 Hispania
420 3408 519 3467 ultimo
533 3409 647 3486 proelio
682 3427 745 3468 cum
760 3408 924 3488 desperatis
936 3407 1023 3468 rebus
1036 3423 1119 3466 etnam

122 3487 158 3546 de
175 3489 382 3551 consciscenda
399 3508 472 3550 nece
492 3493 638 3568 cogitavit.

1188 1035 1209 1066 ἱ
