2434 3908
465 200 671 247 PRAEFATIO.
948 204 1020 251 va

18 419 19 430 ,
172 361 298 432 Denique
313 359 575 415 henelrcioGudiani
591 361 707 430 codicis,
724 368 752 416 et
765 362 860 435 optimi
877 369 905 418 et
916 364 1016 421 ahica-

18 449 19 468 *
109 447 157 503 hio
174 444 381 501 accuratissime
399 444 504 514 collati,
521 445 621 500 lactum
634 454 677 501 est
694 454 724 502 ut
738 448 954 518 orthographica
969 466 1015 506 ra-

108 531 149 587 tio
164 531 249 602 paulo
262 527 425 599 diligentius
438 545 517 599 quam
533 529 622 584 adhuc
638 531 738 586 lactum
751 537 811 587 erat
824 532 931 588 institui
947 550 1015 605 pos-
1049 578 1053 585 .

18 671 19 692 ,
106 622 160 672 set.
192 609 342 669 Eius'enim
358 614 523 668 anctoritate
535 613 625 683 Μυῖα,
641 613 804 683 Crassicius
817 614 936 671 Porcius
950 616 1015 691 (ad-

107 700 216 756 dendus
242 697 294 753 luit
313 693 463 771 Albucius)
490 697 637 767 clittera,
666 705 720 753 tum
743 698 870 771 Dionysi,
892 700 1015 772 Pompei.

18 791 19 810 ¹
104 784 240 853 venatici,
260 781 421 852 Brundusi,
444 782 525 837 etiam
542 784 641 852 repetit
664 799 692 854 p.
707 789 776 854 260,
801 789 837 844 38
854 783 974 858 simplici
996 788 1014 855 i,

18 905 19 910 ι
105 868 210 925 deinde
231 859 453 939 praenomina⁴⁷)
471 873 499 920 et
519 860 670 923 numeralia
693 868 739 922 uel
764 868 889 924 omnihus
911 870 1013 926 litteris

18 951 19 958 ’
103 953 154 1010 vel
173 946 357 1023 compendiis,
372 957 513 1022 postremo
529 959 633 1021 auctor,
652 955 745 1022 ceteri,
761 967 856 1020 causa,
872 955 957 1025 milia,
971 955 1013 1009 lit·

103 1044 199 1106 torae,
213 1051 354 1090 nummum
373 1041 401 1088 et
414 1035 517 1090 similia
532 1033 575 1091 sic
590 1035 714 1092 uirides
733 1036 838 1108 scripta
854 1045 927 1094 sunt.

174 1119 300 1176 Ceterum
318 1119 445 1190 quaestio
467 1121 537 1175 haec
553 1121 771 1192 orthographica
788 1121 822 1175 ad
838 1122 1013 1193 deperditum
1035 1133 1159 1176 mensena-
1197 1121 1198 1124 ’

18 1193 19 1210 ’
102 1207 182 1263 ilium
205 1206 331 1260 codicem
346 1203 573 1273 Henochiannm,
591 1206 670 1260 cuius
687 1206 821 1276 quandam
839 1206 961 1277 speciem
986 1214 1014 1261 et
1035 1197 1077 1226 ¹¹⁰⁵
1094 1184 1162 1224 Μ’

102 1290 286 1347 adumbrasse
304 1293 331 1342 et
347 1286 505 1345 restituisse
521 1289 603 1344 nohis
618 1290 754 1359 videmur,
771 1291 929 1346 revocanda
947 1289 1010 1345 erit.

101 1375 147 1431 Aa
169 1375 193 1430 si
216 1379 294 1427 reate
315 1373 483 1442 disputatum
505 1379 563 1442 est,
590 1373 715 1430 codicum
736 1375 825 1429 adhuc
848 1375 1012 1430 collatorum

100 1460 226 1516 omnium
242 1455 370 1528 proxime
386 1456 419 1510 ad
434 1456 503 1511 illud
523 1459 677 1530 exemplum
694 1459 830 1514 accedere
848 1458 1012 1514 Leidensem

18 1579 19 1600 t
102 1549 134 1598 et
149 1541 320 1607 Gudianum,
343 1539 501 1611 opinionem
523 1543 604 1599 nohis
620 1543 730 1614 quidem
750 1560 866 1599 assensu
882 1559 1011 1615 compro·

18 1645 19 1662 ι
100 1628 174 1682 hare
196 1640 251 1679 non
272 1623 384 1694 licebit,
402 1641 481 1695 quam
499 1627 573 1682 docti
591 1627 700 1698 quidam
720 1629 846 1684 homines
866 1629 899 1684 de
921 1633 1012 1683 aetate

99 1709 184 1764 illius
198 1707 363 1779 concepisse
378 1710 518 1765 videatur.
546 1709 602 1766 Nos
618 1713 689 1768 intra
706 1713 768 1768 Xlll
787 1713 927 1768 saeculum
942 1726 1013 1768 con-

100 1791 247 1860 sistamus,
264 1791 347 1862 idque
355 1792 460 1849 duabus
474 1795 647 1866 potissimum
660 1798 816 1853 rationibus
832 1797 948 1867 inducti,
964 1811 1012 1851 or-

18 1913 19 1936 t
99 1875 288 1946 thographica
306 1882 333 1929 ct
350 1878 577 1948 tachygraphica.

18 1951 19 1994 l
166 1959 294 2015 Nostrum
313 1959 348 2015 de
364 1961 419 2017 vita
437 1961 584 2016 Caesarum
603 1963 754 2019 editionem
776 1965 799 2019 si
817 1965 878 2036 quis
900 1981 959 2019 curn
977 1964 1013 2018 li-

101 2045 182 2104 hello
198 2045 233 2100 de
248 2045 435 2115 grammaticis
452 2045 581 2101 conlerre
598 2047 735 2116 voluerit,
750 2049 777 2102 in
796 2050 850 2103 hoc
869 2047 1012 2103 admodum

100 2129 246 2185 diversum
269 2145 358 2200 genus
383 2128 524 2184 scribendi
546 2131 682 2185 vocabula
706 2131 915 2188 animadvertet.
960 2131 1013 2185 Ra-

102 2213 217 2270 rissime
242 2213 313 2267 enim
335 2213 442 2269 veteris
463 2197 620 2285 scripturae
635 2213 774 2284 vestigia,
798 2221 827 2269 et
850 2214 960 2285 quidem
982 2231 1014 2269 ea

102 2299 166 2354 lere
187 2315 258 2369 quae
283 2299 460 2354 librariorum
483 2299 576 2353 odium
597 2298 676 2370 quasi
698 2299 942 2370 subterfugerunt,
965 2298 1015 2354 de-

102 2383 276 2456 prehendet,
296 2383 535 2456 praepositionum
555 2383 582 2437 in
605 2383 701 2438 verhis
719 2383 882 2457 compositis
904 2382 1014 2439 sincere

102 2466 272 2538 scriptarum
288 2469 444 2540 exemplum
467 2461 628 2537 nullum⁴⁸),
650 2469 802 2524 accusativi
823 2468 941 2541 pluralis
956 2475 1015 2523 ter-

19 2603 20 2612 ,
101 2549 161 2606 tiae
177 2551 375 2608 declinationis
390 2553 417 2607 in
434 2552 463 2607 is
479 2553 617 2609 terminati
634 2546 774 2628 unum⁴⁹)‚
790 2553 926 2626 simplicis
941 2554 953 2607 i
966 2551 1015 2607 lit-

104 2667 301 2675 ...ξ-...α-

173 2717 219 2780 47)
244 2716 357 2781 Namque
375 2715 422 2766 hac
445 2717 471 2766 in
484 2726 556 2782 parte
574 2719 718 2779 Pantanus,
744 2722 787 2783 qui
802 2720 951 2769 Leidensem
971 2731 1014 2765 co-

102 2785 186 2834 dicem
204 2787 356 2853 exscripsit,
380 2787 424 2835 uni
440 2786 542 2852 legendi
563 2787 678 2837 facilitati
699 2789 855 2849 inserviens,
880 2800 930 2836 non
954 2797 1014 2834 raro

102 2854 289 2919 imprudentius
307 2855 373 2920 egit,
397 2856 457 2903 dnm
476 2870 500 2903 v.
517 2871 539 2905 c.
556 2871 603 2920 pro
621 2855 672 2908 CN.
694 2856 741 2909 Gn.
759 2858 873 2923 reponit,
894 2855 922 2905 C.
940 2861 965 2902 et
983 2852 1012 2901 L.

102 2924 129 2973 in
150 2923 235 2973 Gaium
254 2931 278 2972 et
293 2925 392 2974 Latium
409 2923 521 2973 resolvit.
539 2924 682 2974 Cornelium
699 2935 722 2974 et
739 2930 883 2992 Angustum
897 2923 924 2972 in
937 2922 1011 2971 Gom.

103 3001 129 3042 et
138 2992 206 3057 Aup.
217 2999 321 3052 coartat,
335 2995 395 3056 quin
406 2993 481 3042 etiam
494 3007 540 3056 pro
550 2993 583 3041 M.
597 2993 728 3044 Ciceronis
739 3005 764 3060 p.
779 2994 839 3054 ²63,
850 2993 883 3041 24
895 2991 1014 3056 mapister

104 3063 235 3112 Ciceronis
250 3062 345 3113 scribit.

173 3131 218 3193 48)
236 3130 421 3196 Excipiendum
437 3145 464 3196 p.
485 3130 544 3190 257,
564 3131 579 3178 7
597 3131 748 3189 adnotatum,
769 3130 827 3178 olim
846 3129 872 3177 in
887 3128 924 3177 ad
933 3136 1014 3178 notram

103 3209 128 3250 et
142 3207 171 3249 at
183 3207 264 3250 actam
276 3207 434 3264 corrraptum;
456 3213 513 3248 uam
526 3214 552 3264 p.
564 3197 625 3259 267,
638 3200 670 3248 14
683 3199 743 3248 boni
758 3197 816 3247 libri
831 3212 919 3247 omnes
936 3214 1021 3266 anun*

100 3277 163 3319 tare
178 3268 280 3320 hahent.

174 3336 222 3398 49)
239 3352 265 3403 p.
286 3335 349 3396 268,
372 3336 405 3389 26
419 3339 542 3403 litandis·
562 3352 620 3385 nam
637 3353 663 3402 p.
683 3335 748 3397 263,
771 3336 787 3388 8
808 3339 885 3387 onmis
901 3351 952 3386 non
968 3334 1013 3386 ha·

102 3407 165 3457 hent
186 3406 235 3456 nisi
259 3406 387 3456 Parisinus
412 3407 492 3457 codex
518 3414 542 3455 et
564 3408 662 3456 Incerta
684 3406 776 3467 editio,
801 3407 845 3469 qui
867 3407 924 3456 libri
948 3406 1013 3454 anti-

105 3476 209 3539 quitatis
227 3475 385 3525 affectatione
396 3475 470 3525 etism
489 3490 559 3540 quom
575 3490 622 3540 pro
639 3490 691 3524 man
709 3475 817 3525 scribere
836 3478 925 3526 solent.
963 3476 1014 3521 ho·

147 3560 286 3596 amnonius.
348 3573 351 3580 ·
872 3567 886 3598 e
