2450 3910
140 237 203 302 218
225 253 255 301 o.
268 249 419 301 sunroru
432 251 560 311 unaue.
572 251 715 300 nnuma
728 252 992 300 onssmuunrs.
1004 253 1067 301 vu.

139 408 232 470 mniae
248 408 372 484 amovit,
397 424 460 466 cum
475 405 610 494 libertipo
626 407 737 468 cuidam
751 407 885 468 acerbius
901 407 1028 470 debitum
1042 425 1133 489 repo·

140 491 232 554 scenti
252 491 419 551 iniuriarum
430 490 588 568 formulam,
605 491 783 568 quasicalce
799 491 887 552 abeo
906 509 1072 570 percussus,
1089 496 1131 553 in-

140 574 279 640 tendisset
294 592 350 635 nec
370 574 454 636 aliter
469 593 552 654 quam
567 577 689 635 extortis
704 577 910 655 quinquaginta
926 578 1068 638 sestertiis
1082 596 1131 638 re-

138 660 273 720 misisset.

202 742 412 804 Advenientem
435 743 509 802 male
534 744 670 803 animatus
696 762 767 821 erga
794 746 955 825 principem
982 747 1158 807 exereituss

140 845 306 909 pronusque
322 828 422 888 adres
436 845 528 887 novas
546 827 640 887 libens
660 844 697 887 ao
715 830 824 907 supinis
845 829 975 888 manibus
998 832 1129 910 excepit,

138 912 218 973 velut
233 911 310 972 dono
328 912 412 972 deum
428 912 565 989 oblatum,
584 920 629 971 ter
644 911 771 972 consulis
786 913 883 990 lilium,
896 922 990 973 aetate
1002 915 1129 992 integra,

137 997 217 1058 facili
231 1015 267 1057 ac
284 996 410 1076 prodigo
427 996 532 1056 animo.
558 996 649 1070 Quam
664 1004 793 1056 veterem
808 996 843 1056 de
860 1015 893 1056 se
909 999 1130 1076 persuasionem

137 1081 272 1144 Vitellius
288 1080 453 1141 recentibus
470 1081 556 1141 etiam
573 1081 777 1160 experimentis
793 1090 922 1159 auxerat,
941 1089 1001 1142 tota
1017 1083 1063 1142 via
1080 1100 1129 1142 ca-

138 1167 291 1245 ligatorum
307 1183 421 1245 quoque
436 1165 556 1224 militum
571 1164 674 1225 obvios
687 1166 871 1242 exosculans,
887 1183 998 1245 perque
1013 1165 1166 1228 stabulare

138 1269 172 1312 ac
186 1250 355 1310 deversoria
369 1248 540 1309 mulionibus
556 1248 759 1310 acuiatoribus
771 1250 1011 1327 praetermodum
1024 1250 1129 1329 comis,

137 1344 168 1396 ut
180 1353 263 1396 mane
279 1333 419 1412 singulos,
436 1333 538 1394 iamne
550 1332 734 1409 tentassent,
751 1334 948 1395 sciscitaretur
970 1352 1059 1413 reque
1083 1335 1128 1394 ie

104 1433 123 1487 8
139 1421 215 1481 cisse
230 1427 312 1478 ructu
328 1435 444 1497 quoque
461 1417 637 1478 ostenderet.
673 1416 775 1478 Castra
791 1436 863 1478 vero
885 1420 1034 1496 ingressus
1055 1419 1129 1480 nihil

138 1505 269 1583 cuiquam
284 1502 419 1580 poscenti
433 1504 551 1578 negavit
566 1511 652 1580 atque
667 1503 751 1562 etiam
766 1501 840 1562 ultro
860 1503 1060 1579 ignominiosis
1075 1519 1127 1562 no·

136 1597 191 1664 tas,
207 1589 265 1646 reis
283 1586 397 1660 sordes,
415 1584 553 1645 damnatis
568 1586 711 1664 supplicia
731 1586 862 1664 dempsit.
892 1587 988 1661 Quare
1009 1586 1127 1647 vixdum
1139 1602 1165 1643 m

136 1688 236 1732 mense
248 1677 403 1745 transacto,
418 1687 512 1746 neque
524 1669 580 1729 diei
592 1687 685 1748 neque
698 1671 838 1749 temporis
848 1673 961 1731 ratione
972 1669 1080 1749 habita,
1091 1689 1129 1732 ac

136 1756 192 1815 iam
203 1770 340 1831 vespere,
351 1751 444 1813 subito
456 1751 616 1813 amilitibus
628 1771 645 1811 e
657 1751 790 1813 cubiculo
801 1764 911 1834 raptus,
922 1757 961 1815 ita
972 1763 1002 1814 ut
1013 1763 1086 1832 erut,
1097 1756 1128 1815 in

136 1848 220 1900 veste
234 1837 401 1914 domestica,
419 1838 577 1914 imperator
598 1845 643 1896 est
665 1837 860 1898 consalutatus
885 1838 1128 1918 circumlatusque

137 1941 190 2002 per
207 1921 415 1982 celeberrimos
430 1923 530 1998 vicos,
553 1922 681 1980 strictum
704 1919 769 1981 Divi
789 1921 852 1983 Iulii
873 1922 999 2000 gladium
1013 1932 1126 1999 tenens,
1214 1931 1215 1939 ’

136 2007 295 2068 detractum
310 2005 431 2067 delubro
446 2005 546 2066 Martis
561 2015 647 2084 atque
661 2006 689 2065 in
708 2009 798 2084 prima
815 2007 1006 2085 gratulatione
1022 2023 1159 2086 porro-ao

137 2101 212 2153 ctum
227 2091 281 2151 sibi
297 2109 314 2151 a
328 2091 467 2169 quodam3
487 2108 542 2150 nee
556 2098 621 2150 ante
641 2090 670 2149 in
684 2091 860 2168 praetorium
878 2090 962 2152 rediit
975 2109 1059 2170 quam
1075 2090 1126 2150 da·
1213 2129 1214 2140 r

135 2185 238 2255 grente
254 2175 377 2236 triclinio
395 2194 433 2235 ex
449 2183 592 2253 conceptu
610 2175 726 2251 camini,
745 2193 808 2234 cum
824 2174 938 2253 quidem
956 2184 1125 2235 consterna·
1213 2157 1214 2190 ¹

134 2261 171 2320 tis
194 2268 223 2319 et
246 2260 326 2339 quasi
348 2261 442 2319 omine
466 2258 590 2318 adverso
613 2259 704 2318 anxiis
726 2259 874 2336 omnibus,
896 2258 1001 2336 Bono,
1023 2261 1125 2338 inquit,

92 2375 94 2378 ·
136 2344 238 2404 animo
253 2345 366 2404 estote!
381 2341 472 2404 nobis
483 2341 628 2412 odiosit;
644 2342 722 2402 nullo
739 2360 873 2403 sermone
889 2345 947 2403 alio
963 2343 1038 2424 apud
1052 2343 1124 2404 mili-

135 2436 180 2487 tes
202 2445 279 2486 usus.
317 2425 524 2487 Consentiente
546 2425 649 2484 deinde
668 2427 753 2486 etiam
776 2427 935 2506 superioris
953 2429 1162 2507 provinciaess
1212 2412 1213 2445 ¹

75 2571 78 2575 .
136 2511 278 2585 exercitu,
294 2512 342 2589 qui
357 2511 438 2588 prius
453 2528 470 2570 a
485 2509 575 2571 Galba
593 2508 628 2570 ad
643 2519 771 2569 senatum
786 2510 948 2590 deiecerat,
961 2529 1126 2589 cognomen

136 2593 298 2656 Germanici
314 2593 437 2655 delatum
448 2593 484 2654 ab
496 2595 637 2654 universis
648 2593 750 2672 cupide
763 2598 886 2675 recepit,
900 2595 1023 2673 Augusti
1035 2595 1124 2656 distu-

103 2679 177 2757 9lit,
196 2677 330 2739 Caesaris
344 2679 373 2737 in
388 2686 560 2756 perpetuum
575 2680 729 2738 recusavit.
757 2678 802 2740 Ac
818 2679 937 2740 subinde
955 2680 1044 2739 caede
1058 2679 1124 2742 Gal·

135 2763 190 2824 bae
206 2762 378 2839 adnuntiata,
396 2762 566 2841 compositis
577 2761 754 2823 Germanicis
768 2763 867 2842 rebus,
884 2765 1005 2843 partitus
1017 2773 1062 2824 est
1073 2780 1124 2824 eo·

135 2850 209 2928 pias,
225 2866 296 2927 quas
311 2847 450 2907 adversus
463 2845 604 2906 Othonem
616 2848 822 2926 praemitteret,
838 2865 968 2927 quasque
980 2849 1043 2927 ipse
1057 2865 1123 2926 per·
1134 2867 1162 2914 ae

134 2931 262 2993 duceret.
292 2930 454 2992 Praemisso
470 2931 583 3008 agmine
600 2930 705 2991 laetum
719 2933 815 2991 evenit
837 2933 1011 3012 auspicium,
1036 2931 1123 3010 siqui·

134 3015 198 3077 dem
219 3035 235 3075 a
258 3025 340 3094 parte
363 3015 465 3077 dextra
486 3021 607 3092 repente
629 3014 723 3094 aquila
745 3015 909 3094 advolavit,
936 3015 1125 3094 lustratisque

134 3100 226 3178 signis
239 3101 393 3178 ingressos
410 3101 485 3160 viam
502 3099 608 3158 sensim
622 3101 790 3159 antecessit.
821 3098 860 3160 At
872 3108 973 3160 contra
985 3102 1050 3178 ipso
1062 3115 1123 3160 mo·

134 3192 236 3260 vente,
260 3192 371 3244 statuae
393 3191 564 3262 equestres,
589 3199 652 3242 cum
678 3183 855 3261 plurifariam
879 3185 906 3243 ei
933 3192 1124 3262 ponerentur,

133 3265 235 3326 fractis
249 3277 371 3345 repente
387 3267 517 3328 cruribus
533 3266 641 3345 pariter
655 3277 840 3346 corruerunt,
863 3277 893 3328 et
907 3267 1021 3346 laurea,
1038 3285 1159 3346 mamas

133 3345 353 3425 religiosissime
376 3349 620 3426 circumdederat,
645 3351 675 3409 in
696 3351 887 3429 profluentem
909 3352 1031 3422 excidit:
1052 3368 1123 3412 mox

134 3429 264 3492 Viennae
280 3449 333 3510 pro
350 3433 483 3495 tribunali
501 3435 561 3493 iura
581 3432 712 3495 reddenti
733 3435 913 3512 gallinaceus
933 3455 1021 3516 snpm
1043 3453 1122 3496 nme-

133 3530 195 3573 rnm
210 3530 246 3572 ac
261 3512 364 3575 deinde
379 3519 407 3576 in
424 3519 519 3595 capite
537 3517 632 3577 astitit.
663 3517 774 3593 Quibus
790 3521 911 3582 ostentis
926 3537 980 3598 par
998 3537 1123 3600 respon·
