2450 3910
157 306 216 368 194
240 318 270 366 e.
284 318 434 367 sunnonr
450 319 577 379 uacuo.
597 321 643 366 ou
659 321 741 368 vrrs
761 310 1088 371 subsannatorem.

154 476 283 554 quentia,
297 477 347 534 vix
358 485 495 555 repertae
509 473 645 554 Capitolii
659 476 767 536 eleves.
800 476 870 537 Cum
882 496 920 537 ex
933 480 1063 538 oratione
1075 479 1145 558 eius,

155 577 212 639 qua
224 561 255 620 in
265 558 418 620 Vindicem
430 561 596 639 perorabat,
607 562 778 622 recitaretur
788 562 817 619 in
826 570 937 637 senatu,
951 561 1069 622 daturos
1078 580 1144 641 poe·

153 661 206 704 nas
219 643 382 704 sceleratos
395 662 430 703 ac
442 643 525 702 brevi
537 643 653 721 dignum
665 646 770 704 exitum
782 645 922 724 facturos,
941 647 1145 707 conclamatum

154 736 199 787 est
225 726 260 788 ab
280 727 440 789 universis:
470 727 514 788 Tu
531 727 651 806 socies,
674 726 829 808 Auguste!
860 728 1051 790 Observatum
1064 733 1145 792 etiam

154 812 263 890 luerat,
276 814 462 872 novissimam
474 811 600 873 fabulam
613 821 746 873 cantasse
759 832 823 873 eum
835 813 951 892 publice
968 813 1168 894 Oedipodemr,

154 895 271 956 exulem
283 905 369 977 atque
385 898 412 956 in
423 896 607 957 hocdesisse
618 916 722 958 versu:

253 983 377 1042 uocato
398 969 428 1061 p'
448 970 558 1061 ἄνωγε
580 973 766 1061 σύγγαμος,
789 973 913 1061 μήτηρ,
937 975 1054 1063 πατήρ.

110 1071 145 1128 tt
218 1064 351 1126 Nuntiata
365 1065 477 1126 interim
495 1067 580 1124 etiam
599 1075 762 1125 ceterorum
778 1067 1146 1143 exercituumdeleotioue,

154 1150 265 1211 litteras
278 1148 428 1228 prandenti
440 1149 495 1209 sibi
509 1150 636 1208 redditas
656 1152 833 1229 concerpsit,
855 1168 982 1212 mensam
998 1151 1146 1229 subvertit,

155 1235 229 1296 duos
240 1234 369 1314 scyphos
381 1234 537 1312 gratissimi
550 1252 626 1310 usus,
639 1251 713 1312 quos
722 1233 875 1294 Homerios
889 1253 905 1294 a
923 1235 1068 1296 caelatura
1086 1253 1144 1308 car-
1158 1251 1181 1292 ιι

154 1321 258 1379 minum
269 1318 388 1378 Homeri
399 1317 540 1395 vocabat,
557 1317 622 1378 solo
632 1318 734 1396 inlisit,
753 1337 788 1378 ac
803 1328 917 1398 sumpto
935 1319 1087 1380 aLucusta
1098 1337 1147 1378 ve-

154 1421 229 1464 neno
246 1405 315 1463 etin
328 1421 442 1463 auream
462 1402 598 1481 pyxidem
619 1403 746 1480 condito,
766 1405 877 1462 transiit
893 1405 922 1463 in
937 1404 1040 1464 hortus
1052 1405 1147 1463 Servi·

154 1489 258 1565 liunus,
269 1487 328 1564 ubi,
341 1488 508 1566 praemissis
520 1487 689 1546 libertorum
700 1487 845 1546 fidissimis
858 1486 967 1548 Ostiam
979 1487 1015 1548 ad
1025 1489 1148 1548 classem

156 1571 393 1652 praeparandam,
406 1570 536 1631 tribunos
551 1573 792 1650 centurionesque
805 1573 942 1650 praetorii
955 1571 991 1632 de
1002 1572 1089 1650 lagae
1101 1589 1147 1631 so-

156 1658 260 1716 cietate
270 1658 430 1734 temptavit.
462 1654 521 1714 Sed
533 1656 636 1735 partim
648 1655 915 1734 tergiversantibus,
934 1659 1036 1735 partim
1048 1664 1148 1734 aperte
1159 1673 1183 1713 ra

25 1761 36 1783 a
49 1763 75 1810 a„
86 1760 100 1806 o
113 1755 146 1808 tn,
155 1739 392 1816 detrectantibus,
406 1757 462 1826 opo
475 1756 547 1799 vero
568 1741 653 1798 etiam
671 1739 887 1818 proclamante:
911 1739 1013 1819 chaue
1032 1739 1150 1801 adeone

155 1823 235 1884 mori
249 1823 394 1883 miserum
409 1825 477 1883 est?
493 1824 574 1882 varie
586 1824 716 1899 agitavit,
728 1823 887 1884 Parthosne
901 1843 936 1885 an
953 1825 1073 1886 Galbam
1082 1842 1148 1903 sup·

157 1907 227 1987 plex
240 1916 363 1986 peteret,
377 1927 413 1969 an
428 1916 536 1968 atratus
554 1906 684 1986 prodiret
699 1908 727 1966 in
745 1907 891 1986 publicum
909 1927 1023 1988 proque
1044 1909 1149 1970 rostris

157 1999 261 2070 quanta
272 1992 394 2052 maxima
406 2001 508 2071 posset
519 1992 705 2051 miseratione
718 1995 830 2052 veniam
843 1996 1064 2071 praeteritorum
1082 2009 1148 2072 pre·

158 2085 282 2153 caretur,
295 2094 330 2137 ac
345 2080 372 2136 ni
385 2076 516 2136 flexisset
528 2077 648 2151 animos,
658 2075 707 2134 vel
718 2074 846 2155 Aegypti
857 2077 1069 2156 praefecturam
1081 2093 1148 2136 con·
1158 2093 1187 2133 ao

158 2161 221 2220 eedi
238 2160 292 2220 sibi
312 2171 419 2221 oraret.
450 2160 586 2221 Inventus
605 2169 650 2218 est
667 2169 770 2239 postea
790 2163 818 2219 in
837 2161 943 2221 scrinio
960 2163 1021 2222 eius
1040 2162 1095 2222 bae
1113 2160 1150 2219 de

156 2265 188 2305 re
200 2262 298 2306 sermo
315 2245 469 2313 formatum
490 2243 543 2304 sed
561 2243 726 2303 deterritum
748 2254 854 2324 putant,
869 2264 905 2304 ne
924 2247 1002 2325 prius
1020 2263 1103 2325 quam
1121 2245 1151 2303 in

156 2329 250 2390 iurum
261 2330 429 2407 perveniret
441 2329 667 2407 discerperetur.

219 2414 269 2473 Sic
281 2415 457 2492 cogitatione
474 2415 505 2472 in
521 2421 669 2493 posterum
688 2411 761 2471 diem
783 2411 877 2488 dilata,
896 2412 1068 2474 admediana
1086 2412 1153 2472 iere

156 2506 272 2556 noctem
291 2499 447 2575 excitatus,
464 2507 494 2557 ut
516 2499 657 2576 comperit
676 2497 825 2557 stationem
842 2495 960 2570 militum
977 2496 1190 2574 recessissem

157 2580 291 2661 prosiluit
303 2599 319 2640 e
331 2579 410 2640 lecto
423 2584 555 2659 misitque
569 2583 676 2641 circum
693 2581 812 2657 amieos,
826 2590 855 2640 et
873 2582 939 2659 quia
957 2581 1061 2658 nibila
1080 2597 1152 2659 quo·

158 2683 242 2744 quam
253 2664 480 2742 renuntiabatur,
493 2667 559 2745 ipse
569 2684 631 2725 cum
642 2667 740 2744 paucis
749 2663 874 2744 hospitia
887 2665 1064 2743 singulorum
1074 2663 1152 2724 adiit.

156 2752 266 2811 Vervun
279 2748 385 2809 clausis
398 2752 521 2810 omniurn
535 2749 657 2826 loribus,
672 2747 868 2828 respondente
885 2749 975 2825 nullo,
988 2751 1015 2809 in
1034 2748 1158 2808 cubico

156 2835 214 2895 lum
225 2833 318 2910 rediit,
331 2833 406 2893 unde
418 2837 473 2894 iarn
481 2843 510 2894 et
517 2833 653 2894 custodes
661 2832 841 2910 diffugerant,
853 2832 973 2912 direptis
983 2836 1067 2894 etiarn
1079 2841 1153 2892 stra-

157 2918 245 2996 gulis,
257 2928 352 2978 amota
365 2928 393 2978 et
405 2919 512 2996 pyxide
524 2919 629 2978 veneni
637 2942 643 2986 ;
662 2936 697 2976 ao
716 2919 810 2976 statim
829 2919 975 2996 Spiculum
994 2917 1154 2993 myrmillo·
1166 2936 1194 2977 oc

158 3021 222 3062 nem
240 3002 288 3062 vel
309 3003 465 3082 quemlibet
477 3003 562 3062 aliurn
581 3018 802 3082 percussorem,
830 3002 911 3061 cuius
929 3020 1012 3062 manu
1031 3002 1154 3081 periret,

158 3087 297 3166 requisiit,
310 3097 339 3147 et
354 3089 467 3148 nemine
478 3094 615 3166 reperto,
635 3081 721 3164 Erqo
737 3103 808 3165 eqo,
828 3087 932 3164 inquit,
950 3086 1156 3147 mecumtecum

158 3170 257 3232 babeo
275 3188 332 3232 uec
344 3170 521 3232 inimicum?
536 3172 755 3249 procurritque,
773 3172 853 3248 quasi
866 3171 1108 3250 praecipitaturus
1121 3187 1156 3228 se

115 3255 187 3314 tuin
199 3254 333 3322 Tiberim.
368 3255 427 3315 Sed
443 3263 583 3315 revocato
602 3273 700 3314 rursus
720 3256 843 3331 impetu,
857 3254 963 3332 aliquid
983 3255 1156 3314 secretioris

159 3335 288 3396 latebrae
301 3339 336 3398 ad
349 3339 544 3416 colligendum
556 3340 677 3397 animum
689 3336 874 3414 desideravit,
888 3348 917 3398 et
929 3339 1070 3400 offerente
1080 3337 1155 3398 Pha·
1167 3361 1194 3402 ao

160 3427 227 3476 onte
237 3417 342 3481 liberto
356 3423 549 3482 suburbanum
561 3440 641 3480 suurn
658 3421 731 3480 inter
745 3421 885 3481 Salariam
903 3432 931 3482 et
942 3422 1158 3482 Nomentanam

56 3579 57 3584 ἵ
159 3500 234 3558 mam
248 3503 325 3561 circa
339 3514 470 3582 quartum
481 3505 640 3580 miliarium,
653 3513 683 3564 ut
695 3514 756 3564 erat
768 3504 844 3565 nudo
859 3505 933 3584 pede
946 3516 1033 3585 atque
1044 3506 1157 3565 tunica-

158 3591 213 3656 tus,
226 3584 378 3660 paenulam
390 3587 515 3648 obsoleti
528 3587 637 3647 coloris
648 3587 835 3666 superinduit,
846 3588 1048 3669 adopertoque
1058 3589 1160 3668 eapite
