2468 3912
450 201 554 250 omos
579 200 769 250 aooosros.
1064 192 1101 251 51

103 360 246 438 cepisset.
286 359 386 420 'lutam
408 374 495 436 vero,
518 366 651 437 quantum
673 356 821 435 provideri
846 357 967 418 humana
993 356 1106 418 ratione

104 447 214 524 potuit,
239 445 324 504 ctiam
344 443 372 501 in
388 450 536 522 posterum
554 442 705 520 praestitit.
735 441 855 503 Publica
877 460 969 521 opera
984 441 1147 522 plurima29

103 531 244 608 extruxit,
271 547 287 587 e
311 527 414 605 quibus
434 525 482 586 vel
503 528 675 606 praecipua:
702 525 808 587 Porum
830 545 893 586 cum
913 526 985 588 aede
1006 526 1106 587 Martis

102 613 232 691 Ultoris,
248 613 386 692 templum
402 611 550 689 Apollinis
565 612 593 669 in
607 610 735 686 Palatio,
758 610 860 672 aedem
875 611 1012 672 Tonantis
1027 611 1107 672 loris

76 701 132 762 uin
149 697 304 777 Capitolio.
341 696 411 756 Pori
429 695 580 755 extruendi
600 711 688 755 causa
707 694 759 755 fuit
779 696 922 756 hominum
942 705 971 755 et
986 694 1106 757 iudicio·

103 802 166 844 rum
195 779 362 856 multitudo,
395 797 469 859 quae
498 780 647 840 videbatur
670 796 729 838 non
758 780 967 840 sufficientibus
995 779 1106 840 duobus

104 869 190 928 etiam
204 868 289 927 tertio
304 865 451 942 indigcrc3
467 866 564 944 itaque
579 864 740 924 festinatius
751 864 872 925 necdum
887 865 1018 944 perlecta
1032 865 1107 926 Illar-

102 953 141 1012 tis
162 951 235 1012 aede
255 950 431 1031 publicatum
454 958 514 1028 est,
537 959 707 1028 cautumque
728 958 757 1008 ut
779 951 935 1027 separatim
954 951 982 1007 in
1004 967 1040 1008 eo
1055 969 1105 1029 pu-

103 1035 181 1097 blica
207 1036 312 1096 iudicia
339 1037 369 1095 e't
385 1035 554 1096 sortitiones
575 1033 697 1094 iudicum
719 1035 831 1093 herent.
873 1032 986 1092 Aedem
1005 1033 1106 1093 Martis

65 1120 183 1181 robello
204 1119 398 1201 Philippensi,
428 1138 482 1198 pro
507 1120 616 1179 ultione
642 1127 762 1197 paterna
787 1126 943 1198 suscepto,
968 1131 1105 1191 voverat;

103 1205 198 1265 sanxit
214 1223 300 1283 ergo,
317 1214 347 1264 ut
363 1203 399 1264 de
415 1204 501 1264 bellis
518 1203 728 1282 triumphisque
742 1201 790 1262 hic
808 1201 1009 1264 consuleretur
1024 1223 1106 1266 sena-

101 1299 166 1366 tus,
185 1291 351 1368 provincias
367 1307 430 1348 cum
445 1289 567 1367 imperio
583 1289 700 1367 petituri
715 1286 783 1348 hinc
800 1285 1028 1365 deducerentur,
1045 1291 1105 1368 qui·

3 1389 9 1414 ³
103 1393 160 1453 quc
177 1376 306 1435 victores
321 1373 479 1450 redissent,
495 1373 551 1433 buc
566 1375 689 1450 insignia
706 1374 913 1452 triumphorum
928 1374 1105 1434 conferrent.

102 1457 253 1537 Templum
275 1457 422 1537 Apollinis
441 1459 470 1516 in
497 1475 531 1517 ea
553 1466 635 1537 parte
656 1456 803 1518 Palatinae
829 1458 929 1518 domus
957 1459 1105 1535 excitarit,

62 1561 189 1622 isquam
211 1542 328 1602 fulmine
351 1543 436 1602 ictam
457 1540 617 1602 desiderari
637 1560 654 1602 a
675 1540 730 1602 deo
747 1541 918 1622 haruspices
941 1544 1104 1622 pronuntia·

101 1636 181 1696 rant;
200 1625 307 1686 addidit
321 1628 452 1705 porticus
468 1644 531 1687 cum
546 1626 723 1687 bibliotheca
737 1627 836 1687 Latina
852 1627 1032 1706 Graecaque,
1048 1643 1105 1707 quo

102 1711 171 1771 loco
187 1712 242 1770 iam
258 1713 356 1771 senior
374 1730 463 1790 saepe
482 1714 568 1772 etiam
581 1721 710 1772 senatum
732 1711 833 1772 habuit
848 1712 1041 1791 decuriasque
1064 1713 1122 1788 iul

104 1795 197 1855 dicum
212 1799 395 1872 recognovit.
428 1797 550 1857 Tonanti
565 1795 628 1857 lovi
649 1795 751 1857 aedem
767 1799 951 1858 consecrarit
966 1797 1106 1857 liberatus

102 1879 253 1959 periculo,
281 1898 344 1940 cum
371 1879 557 1960 expeditione
581 1879 752 1941 Cantabrica
778 1899 832 1960 per
857 1891 1027 1942 nocturnum
1050 1883 1105 1940 iter

61 1986 92 2028 ao
103 1964 238 2037 lecticam
251 1964 314 2024 eius
333 1965 431 2042 fulgur
446 1966 683 2043 praestrinxisset
698 1982 870 2044 servumque
887 1966 1105 2044 praelucentem

102 2049 305 2108 exanimasset.
342 2048 488 2124 Quaedam
503 2049 587 2107 etiam
604 2066 695 2127 opera
713 2048 766 2108 sub
782 2051 897 2109 nomine
918 2049 1033 2126 alieno,
1055 2066 1104 2107 ne·

102 2141 201 2212 potum
218 2133 332 2193 scilicet
348 2143 376 2193 ct
392 2134 490 2192 uxoris
507 2134 694 2211 sororisque,
716 2134 802 2210 iecit,
824 2143 854 2193 ut
868 2134 1012 2212 porticum
1028 2132 1104 2192 basi·

102 2217 244 2296 licamque
261 2216 312 2278 Gal
328 2227 358 2278 ct
371 2217 456 2294 ani,
480 2218 546 2277 rtem
562 2219 693 2296 porticus
707 2217 805 2278 Liviae
829 2226 858 2277 et
873 2216 1012 2278 Octaviae
1026 2216 1104 2276 thea-

102 2309 232 2381 trumque
247 2301 389 2363 Marcelli.
421 2301 480 2362 Sed
495 2310 524 2362 et
540 2311 656 2362 ceteros
673 2303 822 2380 principes
836 2304 917 2362 viros
931 2319 1022 2382 saepe
1038 2301 1104 2361 hor·
1151 2303 1154 2308 '

63 2394 177 2448 astatus
196 2396 255 2463 est,
280 2396 311 2446 ut
331 2404 385 2466 pro
400 2386 538 2447 facultate
554 2387 675 2465 quisque
690 2387 871 2448 monimentis
893 2386 941 2446 vel
957 2388 1041 2447 novis
1055 2385 1104 2446 vel

101 2470 222 2531 refectis
246 2480 275 2531 et
299 2471 423 2533 excultis
444 2471 542 2531 urbem
569 2470 752 2532 adornarent.
797 2471 943 2550 lllultaque
970 2470 1114 2531 amnltis¹

101 2563 168 2614 tunc
187 2564 318 2616 extructa
340 2565 421 2632 sunt,
444 2558 519 2616 sicut
540 2555 683 2616 alilarcio
700 2555 837 2636 Philippo
860 2555 949 2616 aedes
968 2555 1104 2616 Herculis

99 2638 258 2716 Musarum,
279 2640 341 2700 aL.
358 2639 515 2700 Cornificio
537 2641 625 2701 aedes
643 2640 768 2718 Dianae,
791 2641 826 2701 ab
848 2640 950 2701 Asinio
970 2640 1103 2701 Pollione

100 2726 200 2784 atrium
223 2723 394 2802 Libertatis,
416 2743 432 2785 a
452 2725 579 2786 llunatio
602 2725 710 2786 Planco
731 2725 819 2786 aedes
842 2725 969 2801 Saturni,
991 2741 1007 2783 a
1031 2721 1102 2783 Gor·

63 2807 180 2871 aonelio
198 2809 290 2870 Balbo
306 2809 464 2887 theatrum,
482 2829 498 2871 a
517 2809 631 2870 Statilio
645 2810 740 2870 Tauro
757 2809 1011 2890 amphitheatrum,
1032 2825 1048 2868 a
1063 2806 1102 2867 Μ.

3 2945 4 2952 ,
99 2908 172 2976 vero
187 2893 321 2974 Agrippa
338 2895 487 2973 complura
503 2903 532 2954 et
549 2896 681 2972 egregia.

160 2977 290 3056 Spatium
304 2978 383 3039 urbis
397 2981 425 3038 in
439 2981 578 3057 regiones
594 2981 736 3058 vicosque
753 2978 851 3039 divisit
866 2977 1057 3054 instituitque,
1072 2985 1103 3035 ut
1110 2993 1144 3047 30

98 3062 164 3122 illas
180 3066 264 3123 annui
276 3065 459 3141 magistratus
475 3065 578 3124 sortito
593 3072 757 3139 tuerentur,
772 3063 827 3123 hos
837 3062 967 3138 magistri
984 3078 1000 3119 e
1013 3059 1101 3140 plebe

100 3149 238 3227 cuiusque
256 3149 381 3209 viciniae
397 3148 477 3208 lecti.
513 3148 663 3208 Adversus
683 3147 817 3209 incendia
833 3145 972 3206 excubias
986 3154 1100 3206 noctur·

63 3249 151 3295 ssnas
169 3233 335 3312 vigilesque
360 3243 537 3295 commentus
561 3241 619 3304 est;
642 3232 678 3292 ad
701 3230 880 3294 coercendas
900 3230 1101 3292 inundationes

99 3317 212 3376 alveum
229 3318 342 3378 Tiberis
360 3318 466 3379 laxavit
484 3336 518 3380 ac
533 3318 720 3396 repurgavit,
743 3315 917 3395 completum
935 3315 1003 3376 olim
1018 3316 1101 3376 rude·

3 3423 4 3434 ¹
97 3401 177 3461 ribus
199 3411 227 3462 et
247 3402 443 3463 aedificiorum
471 3402 684 3483 prolationibus
710 3409 877 3463 coartatum.
916 3401 981 3476 Quo
1008 3410 1100 3462 autem

97 3488 211 3548 facilius
235 3487 359 3569 undique
386 3488 455 3549 urbs
480 3487 620 3566 adiretur,
648 3486 797 3568 desumpta
819 3487 874 3548 sibi
895 3486 1034 3548 Flaminia
1054 3487 1100 3546 ria

851 3573 894 3634 4*
