2450 3910
444 245 726 294 vrunuurus
1021 230 1093 294 219.

94 395 134 457 dit
150 397 258 468 enitus;
274 417 338 460 narn
355 401 551 461 confirmatum
567 419 621 478 per
636 400 750 478 legatos
768 417 836 460 suos
857 400 1007 480 imperium
1026 417 1080 478 per

94 499 128 542 se
143 483 269 541 retinere
287 501 344 544 uon
358 485 459 563 potuit.

152 565 196 624 De
211 565 388 628 Betriacensi
405 569 527 629 victorIa
544 576 573 628 et
591 566 711 627 Othonis
735 570 829 645 exitu,
853 587 916 628 cum
938 567 1031 628 adbuc
1053 567 1124 626 iulo

94 649 185 728 Gallia
200 659 295 728 esset,
311 650 410 729 audiit,
432 652 561 731 nihilque
578 660 742 729 cunctatus,
765 652 902 731 quidquid
924 653 1082 730 praetoria·

69 752 191 800 enarum
208 734 367 795 cohortium
382 736 449 814 luit,
464 745 493 795 ut
509 736 627 814 pessimi
643 735 783 814 exempli,
807 753 863 795 uuo
885 737 1083 796 exauctoravit

93 817 189 879 edicto
207 820 301 879 iussas
323 819 442 879 tribunis
465 819 580 880 tradere
601 838 689 880 arma.
734 817 854 879 Centum
882 829 976 879 autem
996 829 1082 898 atque

91 904 208 980 viginti,
231 921 351 982 quorum
371 904 489 964 libellos
511 902 616 965 Othoni
636 903 718 964 datos
740 905 890 963 invenerat
917 921 1082 981 exposcen-

92 988 160 1046 tium
175 988 331 1065 praemium
346 988 383 1048 ob
398 988 501 1049 editam
517 989 546 1046 iu
563 987 654 1048 caede
670 987 779 1049 Galbae
795 1004 928 1067 operam,
952 987 1083 1065 conquiri

93 1080 122 1131 et
133 1071 276 1149 supplicio
290 1072 373 1133 adlici
386 1074 552 1152 imperavit,
571 1074 693 1149 egregie
706 1089 826 1150 prorsus
836 1071 1083 1148 atquemagnihce

52 1177 83 1220 uo
93 1164 123 1215 et
138 1164 167 1214 ut
182 1158 281 1215 summi
296 1158 436 1237 principis
451 1175 534 1235 spem
549 1157 732 1234 ostenderet,
749 1157 803 1215 uisi
820 1164 918 1216 cetera
932 1155 1024 1232 magis
1046 1171 1084 1213 cx

91 1249 192 1300 natura
207 1247 235 1298 et
249 1241 349 1317 priore
365 1242 422 1300 vita
438 1259 489 1301 sua
502 1258 585 1319 quam
597 1259 634 1299 ex
646 1241 757 1319 imperii
768 1241 916 1301 maiestate
929 1239 1081 1318 gessisset.

89 1323 220 1400 Namque
233 1324 334 1384 itinere
346 1325 492 1401 inchoato,
510 1342 564 1404 per
575 1324 684 1384 medias
697 1326 829 1384 civitates
842 1325 897 1384 ritu
908 1322 1081 1401 triumphan-

90 1409 160 1468 tium
175 1415 277 1466 vectus
293 1417 353 1485 est,
370 1426 481 1487 perque
497 1408 610 1469 flumina
626 1408 836 1468 delicatissimis
852 1409 977 1487 navigiis
992 1415 1021 1466 et
1033 1424 1081 1466 va-

90 1493 198 1552 riarum
213 1508 384 1552 coronarum
398 1511 510 1570 genere
527 1491 678 1571 redimitis,
702 1492 776 1553 iuter
793 1492 1010 1573 profusissimos
1031 1489 1081 1549 ob·

52 1597 81 1639 ιι
93 1577 240 1636 scutorum
256 1587 422 1655 apparatus,
437 1577 516 1638 nulla
531 1577 656 1638 familiae
671 1586 718 1637 aut
732 1579 828 1638 militis
849 1577 1014 1656 disciplina,
1037 1593 1082 1636 ra·

91 1662 175 1740 pinas
191 1677 226 1719 ao
243 1661 429 1737 petulantiam
445 1665 567 1721 omnium
583 1663 611 1720 in
627 1663 722 1722 iocum
733 1672 865 1733 vertens;
882 1665 929 1741 qui
943 1679 1002 1722 nou
1014 1677 1081 1720 cou-

90 1745 162 1805 tenti
185 1744 273 1822 epulo
295 1745 401 1825 ubique
425 1747 541 1824 publice
564 1746 711 1824 praebito,
733 1765 930 1826 quoscumque
951 1745 1083 1805 libuisset

89 1831 119 1888 iu
134 1827 298 1888 libertatem
313 1829 500 1908 asserebant,
516 1829 640 1892 verbera
656 1840 684 1890 et
698 1830 817 1910 plagas,
840 1849 930 1909 saepe
951 1829 1081 1904 uulnera,

89 1930 301 1989 nonnumquam
324 1932 426 1973 necem
447 1923 702 1993 repraesentantes
726 1915 955 1974 adversantibus.
986 1915 1082 1990 thue

50 2019 80 2066 υ
92 2013 227 2074 campos,
244 1997 273 2054 in
289 1996 392 2075 quibus
408 2006 564 2076 pugnatum
579 2006 641 2074 est,
658 1998 730 2075 adit,
747 1998 929 2058 abhorrentis
943 1997 1083 2075 quosdam

90 2081 265 2142 cadaverum
290 2080 399 2158 tabem,
429 2080 592 2141 detestabili
616 2099 693 2141 voce
720 2082 890 2142 confirmare
916 2098 1003 2140 ausus
1028 2086 1082 2155 est,

90 2165 204 2246 optime
227 2164 311 2225 olere
331 2164 466 2226 occisum
487 2163 619 2241 hoctona,
641 2173 671 2226 et
688 2165 798 2226 melius
820 2165 925 2225 civem.
959 2163 1023 2224 Nec
1046 2179 1083 2222 eo

90 2251 182 2309 setius
204 2249 240 2309 ad
261 2249 424 2310 leniendam
443 2251 615 2328 grauitatem
636 2249 735 2309 odoris
757 2251 907 2328 plurimum
928 2249 1000 2309 meri
1016 2264 1082 2327 pro·

89 2334 187 2412 palam
202 2333 297 2393 hausit
311 2335 478 2414 passimque
496 2333 601 2393 divisit.
630 2332 696 2394 Pari
712 2336 838 2394 vanitate
854 2343 941 2412 atque
956 2332 1082 2393 insolen-

50 2419 128 2479 sstia
149 2417 275 2495 lapidem
295 2420 452 2478 memoriae
474 2417 596 2478 Othonis
619 2419 787 2499 inscriptum
807 2419 936 2495 intuens,
960 2417 1084 2498 dignum

88 2520 125 2561 co
148 2500 310 2564 Mausoleo
332 2503 387 2579 ait,
415 2505 646 2582 pugionemque,
672 2520 729 2581 quc
754 2504 779 2562 is
804 2521 837 2562 se
865 2501 1030 2579 occiderat,
1055 2503 1083 2560 iu

87 2585 336 2664 Agrippinensem
350 2587 493 2647 coloniam
507 2587 581 2646 misit
593 2586 677 2646 blarti
687 2587 885 2648 dedicandum.
918 2587 951 2646 ln
961 2586 1082 2665 Appen·

87 2671 147 2728 nini
163 2669 278 2748 quidem
295 2671 370 2748 iugis
389 2672 473 2732 etiam
489 2671 672 2748 peruigilium
686 2673 756 2750 egit.
783 2670 893 2734 Urbem
909 2671 1034 2748 denique
1045 2667 1081 2729 ad
1092 2680 1123 2734 ll

90 2753 243 2814 classicum
258 2756 369 2814 introiit
384 2754 535 2833 paludatus
553 2754 691 2834 ferroque
706 2756 887 2832 succinctus,
910 2755 1083 2832 intersigna

51 2837 177 2916 'edatque
193 2839 314 2916 vexilla,
331 2839 471 2918 sagulatis
488 2838 651 2917 comitibus,
668 2857 704 2900 ac
718 2839 841 2900 detectis
860 2837 1083 2898 commilitonum
1147 2909 1154 2924 ,

89 2939 184 2982 armus.

150 3005 245 3084 Magis
261 3008 365 3069 deinde
382 3025 416 3068 ac
433 3010 526 3084 magis
544 3009 620 3067 omui
635 3007 732 3068 divino
747 3007 928 3086 humanoque
939 3008 1001 3066 iure
1012 3023 1083 3084 ueg-

88 3089 184 3168 lecto,
206 3090 331 3152 Alliensi
353 3091 399 3152 die
416 3092 613 3170 pontificatum
630 3094 782 3153 maximum
805 3093 899 3170 cepit,
925 3091 1041 3150 comitia
1055 3091 1083 3149 iu

90 3172 190 3234 decern
212 3193 302 3236 anuos
327 3176 469 3237 ordinavit
491 3194 581 3255 seque
606 3186 777 3257 perpetuum
797 3174 954 3237 consulem.
986 3173 1023 3234 Et
1045 3191 1083 3234 nc

54 3259 136 3318 eccui
159 3257 272 3320 dubium
292 3261 385 3338 leret,
409 3258 486 3338 quod
509 3261 661 3338 exemplar
676 3260 825 3338 regendae
842 3259 928 3338 reip.
948 3257 1082 3336 eligeret,

87 3341 182 3403 rnedio
208 3343 310 3404 blartio
335 3360 436 3423 campo
460 3342 584 3403 adhibita
608 3345 789 3424 publicorum
814 3343 998 3404 sacerdotum
1026 3343 1083 3402 ire·

88 3429 202 3500 quentia
216 3428 333 3489 inferias
348 3428 459 3488 Neroni
474 3426 569 3504 dedit,
585 3446 619 3488 ao
635 3429 768 3490 sollemni
784 3428 917 3489 convivio
942 3428 1083 3490 citharoe-

88 3504 151 3568 dum
166 3512 327 3589 placentem
340 3513 434 3594 palam
445 3511 601 3593 admonuit,
618 3523 647 3575 ut
658 3514 777 3597 aliquid
786 3520 816 3576 et
825 3512 863 3577 de
874 3512 1025 3576 dominico
1037 3511 1083 3573 di·
