2450 3910
157 207 219 269 222
248 221 278 269 c.
293 221 444 270 sumrour
463 221 591 282 renuo.
608 223 654 270 oa
670 222 753 270 vum
770 221 953 270 onnsnnuu
968 222 1037 270 nro.
1050 222 1112 271 vrr.

159 387 246 438 nocte
268 377 455 457 interposita,
485 378 578 456 primo
601 377 727 438 diluculo
753 377 914 438 sordidatus
941 375 1092 438 descendit
1120 377 1160 438 ad

160 471 255 523 rostra
271 462 427 540 multisque
444 480 506 521 oum
522 462 648 522 lacrimis
670 462 772 523 eadem
790 462 853 539 illa,
874 478 973 520 verum
998 479 1014 519 e
1042 460 1158 534 libello,

158 555 280 607 testatus
297 553 351 604 est.
384 546 495 606 Rursus
509 546 714 626 interpellante
729 546 820 606 milite
834 564 869 605 ac
887 545 998 624 populo
1012 553 1042 606 et
1052 562 1090 604 ne
1104 544 1160 606 de-

159 633 261 692 iiceret
277 629 408 690 hortante
426 647 597 709 omnemque
612 649 731 711 operam
745 648 824 689 suam
838 631 967 689 certatim
979 629 1155 709 pollicente,

160 715 282 776 animum
303 715 458 793 resumpsit
478 714 671 792 Sabinumque
696 725 724 774 et
745 716 876 792 reliquos
900 712 1057 774 Flavianos
1083 713 1179 774 nihils

160 802 215 860 iam
230 802 380 858 metuentis
395 800 423 858 vi
440 798 532 858 subita
549 799 576 857 in
594 792 766 878 Capitolium
783 797 932 876 compulit,
950 813 1157 876 succensoque

159 883 270 962 templo
287 883 367 943 lovis
382 881 488 961 Optimi
504 883 620 944 Maximi
636 885 794 964 oppressit.
828 881 899 942 Cum
921 891 949 940 et
965 882 1107 960 proelium
1125 891 1157 942 et

157 967 318 1028 incendium
334 986 350 1026 e
367 966 519 1027 Tiberiana
535 969 720 1046 prospiceret
740 966 825 1028 domo
847 968 922 1026 inter
945 965 1064 1046 epulas,
1093 983 1156 1026 non

156 1052 245 1113 multo
262 1061 330 1130 post
347 1052 499 1130 paenitens
516 1051 585 1111 lacti
602 1061 631 1110 et
645 1053 674 1110 in
689 1051 764 1111 alios
779 1051 894 1130 culpam
910 1050 1085 1127 conferens,
1101 1067 1156 1110 ro·

157 1146 218 1198 cata
237 1137 373 1196 contione
388 1136 491 1196 iurarit
508 1137 663 1213 coegitque
678 1139 772 1195 iurare
798 1145 827 1195 et
851 1143 984 1214 ceteros,
1005 1133 1074 1194 nihil
1098 1134 1190 1193 sibim

156 1222 299 1300 antiquius
315 1222 411 1300 quiete
427 1219 542 1299 publica
557 1220 632 1280 lore.
664 1220 744 1280 Tunc
761 1220 885 1280 solutum
902 1238 917 1280 a
931 1220 1023 1279 latere
1047 1221 1153 1298 pugio-

156 1323 221 1366 nem
237 1304 349 1365 consuli
363 1304 494 1381 primum,
514 1303 618 1364 deinde
633 1305 683 1364 illo
698 1313 854 1364 recusante
875 1301 1093 1382 magistratibus
1117 1321 1157 1363 ac

155 1409 224 1451 mox
240 1386 421 1449 senatoribus
438 1389 559 1465 singulis
573 1390 748 1469 porrigens,
771 1389 851 1448 nullo
867 1389 1046 1467 recipiente,
1069 1389 1156 1465 quasi

155 1477 185 1535 in
198 1474 271 1534 aede
287 1470 469 1534 Concordiae
487 1473 634 1550 positurus
650 1472 802 1532 abscessit.
835 1473 894 1533 Sed
916 1471 1088 1551 quibusdam
1103 1471 1153 1531 ad-

158 1556 355 1633 clamantibus,
371 1557 471 1633 ipsum
485 1573 554 1616 esse
568 1555 785 1633 Concordiam,
802 1556 886 1617 rediit
900 1575 956 1616 neo
971 1555 1064 1616 solum
1081 1557 1150 1615 reti·
1165 1579 1189 1620 is

156 1660 226 1702 nere
244 1658 276 1700 se
292 1641 399 1699 ferrum
411 1640 574 1717 affirmavit,
589 1660 689 1700 verum
705 1644 791 1702 etiam
807 1639 991 1701 Concordiae
1014 1641 1153 1718 recipere

118 1742 148 1800 16
157 1741 334 1803 cognomen;
352 1725 499 1802 suasitque
517 1727 644 1801 senatui,
661 1735 690 1784 ut
703 1726 821 1803 legatos
837 1743 901 1785 cnm
918 1724 1076 1802 virginibus
1091 1724 1153 1784 Ve-

157 1808 276 1870 stalibus
292 1809 447 1885 mitterent,
464 1826 566 1886 pacem
582 1818 630 1870 aut
647 1818 727 1868 certe
742 1819 857 1890 tempus
872 1809 908 1869 ad
932 1807 1154 1868 consultandum

178 1894 308 1953 etituros.

156 1913 174 1973 p
218 1976 360 2038 Postridie
376 1994 518 2055 responsa
534 1977 699 2057 opperienti
714 1978 870 2038 nuntiatum
886 1986 931 2037 est
946 1995 999 2055 per
1014 1977 1153 2055 explora·
1163 2000 1188 2041 to

155 2070 259 2140 torem,
275 2062 376 2121 hostes
391 2064 639 2141 appropinquare.
672 2059 813 2124 Continuo
830 2063 917 2140 igitur
932 2061 1083 2123 abstrusus
1097 2079 1153 2138 ge·

157 2147 274 2208 statoria
292 2146 375 2223 sella,
394 2145 505 2206 duobus
523 2147 593 2206 solis
610 2146 771 2224 comitibus,
784 2147 894 2225 pistore
908 2156 937 2206 et
949 2163 1035 2222 coco,
1049 2143 1152 2206 Aren-

155 2234 243 2291 tinum
262 2239 290 2289 et
304 2239 453 2310 paternam
469 2231 580 2291 domum
597 2231 670 2290 clam
684 2233 771 2309 petit,
788 2240 818 2290 ut
833 2231 900 2289 inde
917 2233 945 2290 in
962 2228 1153 2309 Campaniam

155 2317 285 2393 lugerem
301 2333 370 2375 mox
385 2315 443 2374 levi
459 2332 574 2375 rumore
590 2324 619 2375 et
632 2317 752 2392 incerto,
769 2324 912 2394 tamquam
925 2333 983 2395 pax
996 2316 1153 2393 impetrata

156 2407 249 2475 esset,
267 2399 371 2458 referri
388 2417 421 2458 se
439 2399 467 2456 in
484 2399 620 2459 Palatium
644 2418 746 2477 passus
771 2408 824 2460 est.
870 2399 927 2460 Ubi
949 2418 1011 2459 oum
1033 2398 1187 2469 desertam

157 2483 250 2543 omnia
265 2484 437 2560 reperisset,
450 2482 641 2543 dilabentibus
657 2486 743 2561 etqui
759 2483 842 2544 simul
856 2493 948 2561 erant,
967 2501 1041 2544 nona
1054 2500 1087 2542 se
1100 2501 1152 2543 au·

155 2584 271 2627 reorum
287 2565 373 2644 plena
390 2567 578 2630 circumdedit
593 2568 782 2648 confugitque
797 2570 826 2628 in
849 2569 984 2630 cellulam
1006 2568 1152 2646 ianitoris,

154 2652 280 2728 religato
297 2669 350 2729 pro
368 2651 479 2711 loribus
493 2671 565 2712 cane
580 2651 720 2730 lectoque
736 2662 764 2713 et
781 2653 885 2714 culcita
900 2653 1035 2713 obiectis.

116 2745 146 2804 17
217 2736 386 2814 Irruperant
410 2737 465 2797 iam
488 2738 611 2815 agminis
631 2746 837 2799 antecessores
857 2755 892 2798 ac
914 2739 1028 2799 nemine
1059 2735 1151 2798 obvio
1210 2797 1211 2800 ,

154 2820 339 2898 rimabantur,
358 2829 389 2880 ut
404 2821 444 2899 lit,
460 2821 583 2899 singula.
628 2821 674 2882 Ab
691 2822 736 2882 bis
752 2831 900 2883 extractus
918 2841 934 2882 e
951 2822 1073 2898 latebra,
1094 2823 1186 2886 sci-sa

155 2907 304 2982 scitantes,
322 2907 386 2984 quis
403 2915 482 2967 esset
499 2907 579 2988 (nam
595 2906 797 2984 ignorabatur)
814 2915 843 2967 et
856 2906 905 2966 ubi
920 2925 987 2966 esse
1000 2904 1152 2966 Vitellium
1210 2985 1211 2988 Ἴ

155 2991 251 3068 sciret,
269 2989 420 3050 mendacio
438 2991 535 3061 elusit;
554 2990 657 3052 deinde
673 2992 802 3068 agnitus,
818 3008 927 3068 rogare
951 3008 1008 3051 non
1031 2990 1151 3067 destitit,
1210 3003 1211 3051 i

155 3076 237 3154 quasi
254 3075 395 3154 quaedam
413 3074 449 3136 de
467 3075 559 3136 salute
574 3076 747 3155 Vespasiani
765 3075 909 3153 dicturus,
936 3085 965 3135 nt
990 3074 1150 3136 custodire-

154 3167 199 3218 tur
215 3160 328 3219 interim
344 3159 393 3220 vel
409 3161 437 3219 in
456 3178 585 3237 carcere,
601 3158 697 3220 donec
713 3161 844 3238 religatis
865 3168 933 3239 post
955 3170 1039 3237 terga
1061 3159 1149 3218 mani·

153 3240 219 3317 bus,
236 3243 343 3303 iniecto
362 3244 527 3305 cervicibus
544 3245 666 3322 laqueo,
690 3253 771 3303 veste
794 3244 915 3304 discissa
936 3243 1098 3305 seminudus
1120 3242 1184 3302 inst

153 3325 248 3384 iorum
263 3335 373 3387 tractus
389 3338 434 3388 est
456 3330 530 3389 inter
547 3346 650 3406 magna
671 3346 766 3388 rernm
790 3329 1004 3408 verborumque
1027 3325 1150 3388 ludibria
1209 3389 1210 3410 ,

154 3425 209 3485 per
223 3416 313 3468 totum
335 3413 400 3471 viae
416 3413 526 3474 Sacrae
553 3415 690 3491 spatium,
715 3413 834 3473 reducto
857 3430 939 3474 coma
963 3414 1071 3493 capite,
1094 3429 1150 3470 ceu
1209 3421 1210 3488 ξ

154 3490 234 3549 noxii
247 3492 354 3571 solent,
372 3504 458 3574 atque
474 3497 559 3555 etiam
574 3505 670 3556 mento
687 3513 825 3557 mucrone
840 3495 931 3576 gladii
947 3497 1102 3572 subrecto,
1119 3505 1151 3556 nt
