2434 3908
209 199 307 246 xxxn
541 195 748 244 PRAEFATIO.

209 355 349 427 magistris
363 356 483 411 correcti
508 362 579 410 sunt.
624 355 760 410 Interdum
787 370 846 409 cum
875 355 1018 425 secundo,
1040 373 1110 413 non-

210 455 352 510 numquam
368 456 428 494 cum
447 438 531 494 tertio
548 438 680 494 librorum
696 454 802 509 genere
817 440 855 494 ita
872 439 1063 511 consentiunt,
1079 447 1111 496 nt

211 539 247 578 ex
261 529 379 593 utroque
399 521 509 579 conflati
526 539 590 578 esse
607 523 734 577 debeant.
778 521 871 577 Verba
892 525 1002 577 iactavit
1021 540 1047 595 p.
1064 530 1111 594 68,

210 612 258 670 27;
280 606 368 677 deficit
381 609 465 660 11111111·
476 623 502 678 p.
520 611 579 675 168,
597 613 646 668 atu
661 604 789 661 emissum
807 605 894 661 Catulli
907 623 933 678 p.
950 612 1015 676 199,
1031 613 1065 664 22
1081 615 1111 662 et

210 692 238 743 ia
248 691 397 760 prouinciis
412 707 439 762 p.
449 696 510 760 245,
525 696 557 752 9;
574 689 693 745 additum
710 694 807 760 11131,
821 698 836 748 5
851 696 945 743 natam
958 692 1111 746 secundum

211 790 300 843 genus
316 775 449 845 produnt;
473 774 575 829 emissa
590 791 615 844 p.
635 781 685 842 11,
702 778 734 830 21
752 772 925 844 perfecitque
944 777 1112 844 utrumquc;

212 863 307 928 1110,
327 863 359 915 21
378 858 518 929 dilipeuter
538 872 572 911 cc
592 857 754 915 raderetur:
775 872 801 927 p·
824 863 874 927 48,
894 863 912 916 8
934 857 1093 913 delictorum
1102 882 1113 920 ,-

211 959 237 1012 p.
257 943 469 1010 62‚15solcrc,·
489 959 515 1014 p.
535 946 595 1002 102,
618 947 652 999 30
666 939 832 995 Archelaum
851 941 1040 1011 Cappadocem
1059 959 1111 998 ex-

212 1023 300 1095 empla
314 1025 370 1080 sint
385 1041 444 1080 cum
461 1024 543 1080 tertio
560 1040 664 1094 genere
680 1024 831 1080 affinitatis.

273 1108 417 1180 Postquam
433 1109 620 1180 exemplorum
636 1114 663 1161 et
678 1108 804 1162 formulis
820 1114 847 1163 et
863 1108 967 1164 calamo
987 1109 1112 1181 scripto-

210 1209 268 1248 rum
282 1193 447 1248 mentionem
463 1192 578 1248 fecimus
597 1207 649 1245 non
667 1190 777 1245 nimium
792 1192 899 1263 levem,
920 1192 1016 1264 paucis
1034 1209 1112 1248 corn-

209 1278 384 1333 memoranda
401 1283 464 1332 suut
474 1277 652 1346 Excerpta
669 1276 801 1344 quaedam
814 1292 829 1329 e
842 1276 1007 1332 Caesaribus
1020 1277 1111 1341 iacta:

211 1361 338 1416 videntur
359 1360 429 1415 enirn
446 1362 490 1415 vei
512 1362 581 1414 haec
603 1359 637 1413 ad
661 1358 777 1413 criticen
800 1360 974 1416 iactitandam
995 1361 1112 1430 aliquod
1207 1417 1208 1440 ¹

210 1450 372 1499 momentum
389 1444 517 1499 conferre
538 1459 638 1515 posse,
659 1448 789 1512 tantoque
810 1443 896 1498 maius
918 1451 1019 1514 quanto
1038 1444 1113 1499 auti-

210 1527 307 1596 qniora
337 1533 407 1582 sunt.
452 1526 518 1581 Eius
549 1526 634 1595 igitur
659 1526 773 1595 generis
803 1526 855 1582 tria
881 1528 1006 1598 exempla
1032 1527 1113 1597 novi,

210 1609 353 1680 Lipsieuse
377 1627 391 1664 a
411 1609 514 1664 Theod.
534 1608 643 1664 hicchio
663 1609 690 1663 in
706 1609 912 1666 Schneidewini
934 1611 1081 1680 Plrilolego
1098 1611 1113 1666 1

210 1711 237 1766 p.
253 1699 304 1752 636
326 1709 386 1764 sqq.
405 1693 587 1764 descriptum,
608 1692 730 1748 Parisino
750 1693 804 1749 duo
826 1711 840 1749 a
864 1711 906 1748 me
929 1712 953 1750 a.
974 1699 1040 1752 1855
1066 1694 1114 1749 in-

210 1782 316 1848 specta.
361 1769 395 1830 Et
423 1775 573 1848 Lipsiensis
604 1775 713 1846 quidem
736 1776 842 1846 codex,
873 1777 1030 1833 senatorius
1060 1777 1113 1833 iiie

210 1861 276 1932 Rep.
297 1860 318 1914 l.
348 1867 373 1918 4.
400 1865 435 1920 48
458 1861 570 1915 saeculo
593 1859 655 1914 xiv
677 1859 797 1930 scriptus
827 1867 854 1916 et
882 1861 962 1916 initio
987 1860 1112 1931 mutilus,

211 1945 306 1999 eadem
328 1945 466 2015 Excerpta
496 1943 634 2012 continet,
666 1960 735 2014 quae
760 1942 787 1997 in
810 1944 994 2000 Parisinorum
1018 1945 1112 1999 altero

210 2045 254 2085 no.
270 2035 340 2089 8818
356 2045 429 2084 saec.
446 2029 492 2084 Xl.
510 2028 618 2098 integra
641 2034 668 2082 et
683 2028 826 2082 emendate
843 2029 946 2099 scripta
963 2027 1106 2100 reperiun-

209 2119 262 2168 tur.
306 2113 414 2168 initium
436 2114 489 2168 hoc
512 2117 567 2167 est:
586 2113 635 2166 Ea
655 2110 745 2164 Libris
766 2109 888 2168 Suetonii
903 2112 1056 2184 Tranquilli
1076 2112 1113 2166 de

209 2203 262 2251 mla
277 2197 434 2253 Caesarum.
465 2196 553 2252 lulius
569 2195 674 2251 Cacsar
687 2200 796 2265 queslor
812 2195 903 2250 adhuc
916 2196 1001 2268 podes
1012 2195 1105 2266 hispa-

208 2283 319 2335 niarum
340 2297 402 2335 cum
428 2284 542 2335 uenisset
559 2282 617 2335 uisa
640 2278 717 2348 apud
741 2277 860 2334 herculis
883 2286 936 2335 etc.
959 2297 987 2353 p.
1006 2288 1041 2348 5,
1064 2285 1110 2338 20.

210 2363 367 2433 Sequuntur
391 2381 426 2420 ex
447 2365 564 2420 omnium
589 2363 737 2418 caesarum
758 2363 840 2433 vitis,
868 2370 979 2436 praeter
1001 2362 1112 2418 Claudii

210 2561 294 2603 mento
309 2568 333 2602 a.
345 2553 412 2605 1846
428 2554 590 2620 Friburgeusi
605 2555 770 2606 bibliothecae
784 2555 886 2622 legavit.
918 2556 982 2606 Eum
997 2556 1113 2606 codicem

210 2622 382 2673 Theodori
402 2623 509 2689 Bergk
532 2624 699 2674 benivolentia
724 2625 756 2675 ed
782 2639 823 2674 me
841 2624 946 2676 missum
966 2625 1113 2675 examinari

209 2701 234 2743 et
263 2691 366 2755 reliquis
392 2692 432 2741 sui
463 2694 564 2757 generis
595 2694 672 2758 paulo
701 2694 830 2744 meliorem
860 2709 917 2744 esse
944 2692 1111 2759 deprehendi.

210 2761 324 2827 Scriptus
342 2767 382 2810 est
401 2759 544 2810 charactere
561 2763 690 2824 Romano,
715 2763 757 2826 qui
779 2762 909 2829 imperitos
932 2761 1004 2812 iaeiie
1028 2760 1111 2822 fatiat,

210 2845 276 2881 saec.
293 2829 350 2878 XV.
377 2855 413 2866 -
436 2829 568 2880 Gentianus
586 2831 666 2880 codex
687 2845 738 2880 unc
762 2829 824 2881 ioiio
839 2830 986 2891 mutilatus,
1008 2830 1034 2878 in
1059 2845 1112 2894 quc

210 2899 318 2964 scriptae
336 2905 408 2947 erant
421 2913 448 2964 p.
464 2897 528 2958 239,
542 2899 576 2948 29
591 2927 625 2936 -
641 2901 705 2960 242,
721 2899 753 2962 8,
768 2908 877 2950 ceterum
892 2899 997 2964 picturis
1013 2900 1114 2949 numis-

209 2970 334 3031 malisque
356 2967 486 3032 eleganter
508 2976 610 3018 ornatus
630 2969 690 3032 quin
710 2969 769 3018 item
790 2984 856 3020 saec.
879 2967 928 3017 XV
943 2969 1052 3034 scriptus
1077 2969 1113 3018 sit

210 3037 261 3086 noli
277 3035 400 3088 dubitare.
433 3035 507 3085 Tales
522 3037 614 3087 multos
627 3037 732 3087 Parisiis
745 3038 805 3087 ridi.
836 3039 927 3088 Fuerat
943 3036 1032 3100 Lyseri
1048 3050 1113 3087 eon-
1202 3077 1203 3080 ,

209 3105 314 3168 tulitque
329 3109 362 3154 ad
377 3105 520 3170 exemplum
534 3104 679 3156 Genevense
695 3121 718 3156 a.
733 3107 795 3156 1611
810 3105 916 3156 Getdieb
927 3105 1021 3167 Kortte,
1037 3105 1112 3156 onius

210 3172 296 3223 labere
311 3182 335 3222 et
352 3173 453 3224 Ernesti
473 3183 497 3223 et
512 3173 704 3241 Oudendorpius
724 3175 764 3224 nsi
788 3183 854 3224 sunt.
891 3173 945 3234 Quo
961 3174 1060 3225 delatus
1077 3175 1112 3226 sit

210 3248 236 3290 et
249 3241 329 3290 codex
345 3251 369 3291 et
383 3243 500 3302 collatio,
515 3243 614 3308 ignoro.
631 3271 663 3280 -
679 3243 900 3293 vindobonensem
916 3246 948 3304 2,
965 3251 992 3292 ut
1008 3243 1110 3294 Ouden-

211 3307 316 3373 dorpius
328 3312 471 3376 appellarit,
486 3311 536 3360 184
546 3321 574 3360 ut
587 3311 770 3361 bibliothecarii
778 3312 956 3371 distinxerunt,
969 3327 1034 3363 saec.
1047 3311 1108 3362 XV!

212 3442 351 3494 hdtsstmus
366 3448 478 3496 medicus
495 3446 528 3495 ad
541 3448 683 3512 exemplum
700 3448 891 3500 luncherianum
909 3465 933 3504 e.
953 3449 1027 3500 1722.

211 3376 313 3425 ineunte
329 3380 456 3444 seriptum,
473 3380 576 3428 contulit
589 3379 757 3445 Oudendorpii
775 3381 856 3445 gratia
872 3395 920 3431 van
937 3379 1045 3430 Swieten
1062 3393 1114 3431 aa·
