2450 3910
534 229 636 278 nuno.
1027 216 1086 278 193

6 379 7 408 l
95 383 229 444 uehicula
244 382 392 463 portandis
405 385 548 443 scaenicis
564 386 700 462 organis,
715 385 948 462 concubinasque
962 401 1035 464 quas
1042 401 1087 443 se-

97 485 160 530 cum
173 467 309 528 educeret
323 466 459 528 tondendi
473 467 508 526 ad
519 468 632 528 virilem
644 469 757 528 modum
775 479 803 529 et
820 467 971 529 securibus
988 467 1087 548 peltis·

6 561 20 620 {-
97 571 153 633 quc
168 551 351 612 Amazonicis
363 551 529 611 instruendi.
551 552 621 613 llox
636 553 726 612 tribus
740 553 864 614 urbanas
877 552 911 613 ad
925 571 1087 615 sacramen·

96 647 154 697 tum
166 637 277 712 citavit,
293 635 418 696 nonullo
431 635 536 696 idoneo
549 636 746 715 respondente
768 647 876 696 certum
890 636 1011 696 dominis
1026 655 1086 697 ser-

72 737 196 782 svorum
207 737 353 780 numerum
365 718 481 790 indixit;
495 737 550 780 nec
562 721 616 780 nisi
629 739 667 780 ex
678 730 737 781 tota
751 722 889 799 cuiusque
900 721 1007 782 lamilia
1018 738 1087 800 pro·

95 805 271 881 batissimos,
282 821 319 862 ne
333 803 581 882 dispensatoribus
603 805 717 883 quidem
737 814 784 864 aut
801 805 1019 865 amanuensibus
1037 824 1085 865 ex·

6 905 9 912 ·
96 889 200 968 ceptis,
213 889 335 965 recepit.
369 887 483 948 Partem
495 890 580 948 etiam
592 907 697 950 census
710 907 810 950 omues
823 889 939 949 ordines
952 890 1086 950 conferre

94 974 186 1049 iussit,
206 981 235 1032 et
247 974 366 1050 insuper
380 973 536 1050 inquilinos
550 973 726 1052 priuatarum
745 972 855 1032 aedium
875 981 961 1051 atque
983 972 1087 1032 insula·

95 1077 156 1118 rum
169 1057 339 1136 pensionem
348 1073 468 1116 annuam
479 1059 797 1136 repraesentarebsco;
812 1057 1088 1135 exegitqbeingenti

61 1161 85 1201 ιι
95 1140 211 1202 fastidio
226 1150 255 1201 et
267 1139 425 1200 acerbitate
436 1159 577 1202 nummum
589 1159 732 1220 asperum,
744 1150 893 1218 argentum
906 1140 1086 1220 pustulatum,

95 1243 193 1288 aurum
215 1224 250 1285 ad
270 1223 437 1300 obrussam,
457 1234 487 1284 ιιι
503 1224 636 1304 plerique
655 1244 769 1305 omnem
786 1224 972 1285 collationem
993 1223 1087 1304 palam

93 1318 279 1385 recusarent,
299 1325 444 1367 consensu
456 1307 636 1386 flagitantes,
655 1329 671 1370 a
690 1309 867 1371 delatoribus
882 1309 980 1388 potius
1002 1324 1086 1368 reuo-

95 1393 187 1455 canda
205 1393 334 1472 praemia
352 1409 549 1470 quaecumque
568 1395 725 1472 cepissent.
758 1393 804 1454 Ex
822 1411 954 1454 annonae
971 1397 1130 1472 quoque45

95 1479 216 1539 caritate
232 1477 355 1537 lucranti
373 1475 502 1536 adcrevit
519 1476 640 1548 iuvidia3
657 1497 724 1539 uam
742 1487 772 1539 et
787 1477 864 1539 forte
883 1476 996 1555 accidit,
1013 1484 1043 1535 ut
1060 1477 1088 1535 in

6 1552 8 1562 ’
55 1561 209 1644 republica
220 1562 296 1621 lame
308 1559 503 1620 Alexandrina
519 1563 601 1622 navis
614 1565 789 1624 nuntiaretur
802 1563 952 1644 pulverem
965 1563 1088 1623 luctato·

92 1647 174 1708 ribus
187 1644 287 1706 aulicis
301 1645 464 1705 advexisse.

159 1731 255 1806 Quare
266 1731 388 1789 omnium
400 1732 429 1788 in
440 1748 474 1790 se
487 1729 575 1790 odio
566 1732 694 1810 incitato,
707 1731 777 1791 nibil
791 1731 1027 1792 contumeliarum
1039 1729 1087 1790 de

6 1865 9 1874 ι
93 1817 148 1876 iuit
161 1815 228 1893 quin
241 1813 359 1874 subiret.
391 1815 553 1875 Statuac'
525 1834 587 1874 erus
603 1834 619 1875 a
636 1818 746 1876 vertice
764 1817 856 1895 cirrus
873 1816 1025 1894 appositus
1044 1823 1089 1874 est

94 1917 159 1960 cum
171 1897 361 1976 insumptione
374 1896 501 1974 Graeca,
520 1897 600 1960 nunc
615 1899 733 1960 demum
749 1917 853 1979 oporto
869 1917 953 1975 csse,
975 1906 1004 1959 et
1022 1904 1086 1958 ιιιι·

50 1985 183 2044 roderet
200 1981 342 2042 laudun!
371 1978 498 2040 Alterius
519 1982 597 2042 collo
619 2001 763 2063 ascopera
788 1983 929 2060 deligata,
948 1982 1087 2060 simulque

91 2065 209 2130 titulus:
234 2064 302 2145 Epo
321 2063 396 2146 quid
406 2065 517 2143 potui?
538 2066 596 2126 sed
610 2073 642 2128 ιιι
662 2063 791 2133 culidem
810 2066 956 2127 meruisti
988 2065 1087 2125 Ascri-

92 2157 182 2232 ptum
196 2159 227 2210 et
243 2149 399 2247 colomnis,
421 2129 485 2209 idn
508 2149 634 2211 Gallos
656 2170 723 2212 cam
724 2137 900 2212 contundo
922 2151 1085 2211 oscitasse.

91 2237 154 2298 lam
166 2235 329 2296 noctibus
321 2234 413 2310 turgia
432 2251 494 2293 cum
513 2235 607 2295 seruis
626 2236 760 2315 plerique
778 2235 961 2312 simulantes,
981 2233 1086 2294 crebro

45 2317 471 2422 §Vindicamposceban't

49 2426 81 2466 ιι
158 2403 334 2464 Terrebatur
347 2401 381 2462 ad
392 2402 451 2462 boo
462 2401 642 2464 euidentibus
655 2407 795 2481 portentis
807 2403 982 2464 somniorum
996 2411 1025 2462 et
1040 2419 1086 2462 au
1095 2411 1130 2468 46

94 2491 253 2569 spiciorum
270 2497 299 2546 et
320 2488 458 2563 ominum,
478 2505 541 2547 cum
562 2488 710 2548 veteribus
725 2497 783 2547 tum
803 2490 906 2554 novis.
914 2487 1088 2570 Numquam

94 2579 180 2634 antea
191 2573 335 2634 somniare
347 2571 459 2648 solitus,
474 2574 573 2632 occisa
586 2572 697 2633 demum
709 2583 800 2633 matre
810 2572 881 2631 uidit
891 2589 944 2652 per
952 2574 1086 2651 quietem,

92 2676 198 2718 nauem
219 2656 274 2717 sibi
291 2657 407 2733 regenti
430 2665 572 2716 extortum
592 2657 834 2735 gubernaculum,
851 2656 982 2734 trahique
1002 2673 1033 2715 se
1051 2654 1086 2714 ab

94 2741 215 2802 Octauia
227 2757 320 2800 uxore
331 2741 360 2798 in
371 2741 528 2800 artissimas
545 2742 682 2802 tenebras
696 2749 725 2801 et
741 2741 828 2802 modo
842 2739 1017 2819 pinnatarum
1029 2739 1086 2798 lor·
1092 2723 1201 2810 iltis.

49 2827 232 2887 seminarum
250 2823 426 2883 multitudine
446 2824 575 2904 oppleri,
596 2825 683 2887 modo
702 2844 718 2885 a
736 2826 895 2886 simulacris
913 2825 1038 2902 gentium
1052 2821 1087 2884 ad
1097 2839 1155 2896 ma
1161 2845 1218 2902 sqq

91 2909 216 2990 Pompei
228 2908 368 2969 theatrum
381 2907 575 2970 dedicatarum
586 2911 729 2971 circumiri
741 2909 893 2988 arcerique
910 2923 1085 2987 progressm

91 3002 290 3094 asturconem,
305 3009 362 3070 quo
374 2993 496 3053 maxime
506 2991 677 3072 laetabatur,
687 2993 851 3073 posteriore
861 2990 1086 3070 corporisparte

90 3080 125 3138 in
143 3079 241 3140 suniae
262 3077 390 3155 speciem
410 3078 651 3156 transfiguratum,
673 3095 707 3138 ac
724 3088 830 3138 tantum
853 3078 950 3155 capite
972 3077 1091 3162 integro

89 3161 219 3224 hinnitus
232 3160 320 3221 edere
334 3178 470 3222 canoros
501 3161 546 3222 lle
558 3163 709 3224 llausoleo
712 3171 838 3241 ,sponte
854 3160 965 3222 foribus
976 3155 1092 3240 paleis!

46 3272 80 3315 ,s
92 3246 162 3322 etis,
175 3245 307 3307 exaudita
315 3263 376 3304 vox
389 3255 434 3306 est
445 3264 560 3307 nomme
570 3265 633 3308 eum
643 3249 754 3307 cientis
770 3245 816 3306 lil
826 3245 885 3306 lan.
895 3253 1026 3306 exornati
1020 3243 1086 3304 La

90 3347 145 3391 res
154 3331 261 3409 inipso
273 3326 407 3389 sacrificii
419 3340 560 3409 apparatu
578 3330 959 3410 conciderunt3ausp1canti
976 3325 1087 3408 Sporus

91 3414 224 3474 annium
222 3415 336 3474 muneri
353 3413 467 3492 optulit,
485 3416 565 3476 cuius
583 3433 717 3494 gemmae
734 3415 880 3494 sculptura
896 3424 957 3476 erat
968 3414 1086 3475 Proser

89 3497 182 3580 picae
194 3508 308 3578 raptus:
322 3507 455 3558 votorum
467 3501 689 3580 nuncupatione,
682 3486 829 3644 ,ἷιιιιιζιιι
821 3519 876 3562 ram
889 3499 1017 3562 ordinum
1030 3504 1087 3559 tre-

147 3603 300 3645 susromus.
699 3645 703 3658 ,
885 3586 922 3647 13
