2468 3912
144 227 184 288 36
228 237 256 286 c.
276 235 426 285 sonnonr
443 235 572 294 nanno.
585 201 633 281 nu
651 235 733 282 vrnn
752 235 936 283 cassanum
954 237 1021 282 nra.
1036 236 1059 282 1.

205 392 238 453 ln
264 409 373 451 summo
397 389 515 470 publico
544 391 623 450 luctu
652 399 814 450 exterarum
840 393 968 468 gentium
995 390 1149 452 multitudo

145 475 303 537 circulatim
325 493 377 535 suo
396 492 528 555 quaeque
556 493 637 535 more
662 475 815 536 lamentata
836 484 895 553 est,
926 477 1149 556 praecipueque

142 561 257 639 ludaei,
278 561 326 640 qui
350 561 435 619 etiarn
457 558 591 619 noctibus
616 561 758 620 continuis
779 559 893 620 bustum
917 560 1148 639 frequentarunt.

100 644 231 712 85Plebs
245 647 339 704 statim
357 663 374 704 a
389 644 490 704 iuuere
506 644 541 704 ad
560 644 673 704 domurn
694 643 774 703 Bruti
789 653 818 704 et
835 643 929 704 Cassii
949 663 1012 704 curn
1031 644 1149 705 facibus

142 729 263 792 tetendit
278 739 364 809 atque
387 747 475 806 aegre
498 729 631 808 repulsa,
656 728 771 788 obvium
794 728 849 787 sibi
872 728 1004 789 Helvium
1027 728 1173 794 cinnama

142 833 197 894 per
223 832 353 875 errorem
373 813 505 891 nominis,
535 815 616 892 quasi
635 811 790 874 Cornelius
812 815 837 872 is
860 822 948 891 esset,
972 833 1057 893 quern
1080 832 1148 892 gra-

143 901 218 960 viter
233 899 325 978 pridie
349 900 543 958 contionatum
561 899 597 959 de
617 897 744 958 Caesare
768 897 952 978 requirebat,
976 898 1084 959 occidit
1100 917 1149 958 ca-

143 993 252 1064 putque
276 985 337 1044 eius
365 983 524 1064 praelixam
547 982 646 1043 lrastae
674 982 861 1053 circumtulit;
894 993 999 1062 postea
1025 982 1150 1044 solidam

145 1067 304 1129 columnam
323 1086 418 1148 prope
435 1068 537 1146 viginti
559 1067 663 1146 pedum
678 1067 784 1147 lapidis
799 1066 943 1127 Numidici
959 1070 988 1127 in
1006 1067 1073 1128 loro
1090 1077 1148 1126 sta-

142 1154 195 1214 tuit
208 1154 397 1233 scripsitque:
427 1151 578 1212 Parenti
598 1153 759 1213 Patriae.
788 1152 875 1230 Apud
888 1170 950 1212 eam
968 1152 1058 1230 longo
1075 1161 1148 1211 tem·
1161 1167 1186 1207 ro

90 1285 93 1290 ,
143 1256 218 1318 pore
237 1239 419 1315 sacrificare,
442 1245 511 1296 vota
529 1239 695 1316 suscipere,
715 1237 934 1297 controversias
949 1237 1085 1316 quasdam
1105 1239 1148 1295 in-

143 1325 288 1402 terposito
303 1320 527 1402 percaesarem
541 1321 737 1382 iureiurando
755 1319 919 1382 distrahere
935 1323 1147 1400 perseveravit.

101 1414 136 1470 86
208 1407 411 1486 Suspicionem
433 1402 543 1466 Caesar
566 1405 736 1486 quibusdam
754 1423 872 1466 suornm
893 1405 1024 1484 reliquit,
1051 1423 1148 1484 neque

142 1492 273 1553 voluisse
298 1511 330 1550 se
357 1490 462 1550 diutius
488 1491 606 1569 vivere,
630 1509 727 1571 neque
750 1508 870 1550 curasse
892 1490 969 1570 quod
991 1489 1148 1550 valitudine

143 1578 236 1635 minus
254 1591 397 1654 prospera
418 1581 561 1652 uteretur,
590 1575 717 1656 ideoque
732 1584 762 1636 et
776 1593 851 1654 quae
868 1575 1031 1653 religiones
1047 1592 1147 1633 mone·
1159 1595 1184 1636 rs

143 1667 209 1720 rent
224 1668 252 1718 et
267 1677 341 1737 quae
358 1657 554 1718 renuntiarent
568 1661 651 1720 amici
668 1659 848 1738 neglexisse.
872 1660 944 1719 Sunt
965 1661 1012 1739 qui
1037 1667 1148 1740 putent,

144 1743 283 1805 conlisum
309 1760 373 1802 enm
394 1742 554 1803 novissimo
583 1745 634 1805 illo
664 1753 782 1805 senatus
807 1743 942 1804 consulto
966 1762 1001 1804 ac
1021 1745 1083 1804 iure
1106 1745 1147 1802 iu·

142 1827 233 1888 rando
255 1829 340 1887 etiam
362 1825 509 1887 custodias
527 1827 721 1908 Hispanorum
739 1847 803 1889 cnm
821 1827 928 1906 gladiis
943 1828 1147 1907 adinspectan·

143 1915 212 1972 tium
229 1931 261 1972 se
280 1912 452 1972 removisse.
481 1911 540 1972 Alii
562 1912 708 1974 ediverso
730 1916 900 1992 opinantur,
929 1913 1049 1972 insidias
1066 1911 1147 1972 undi-

144 2015 200 2078 que
221 1997 393 2058 imminentis
420 1995 518 2057 subire
549 1998 640 2059 semel
666 2017 750 2077 qnam
776 2016 881 2059 cavere
894 1996 945 2034 *⁴¹*
969 1997 1183 2077 [sollicitnmao

142 2081 301 2144 moluisse.
332 2079 467 2156 Quidum
481 2082 585 2145 dicere
606 2083 710 2162 etium]
733 2083 849 2143 solitum
862 2083 972 2160 ierunt,
999 2078 1071 2145 Non
1084 2087 1149 2141 tom

142 2184 203 2229 suc
218 2184 311 2248 quum
325 2165 532 2245 reipublicae
544 2167 705 2243 interesse,
726 2167 773 2228 oti
789 2166 899 2228 solvus
913 2172 1010 2228 esset:
1037 2184 1072 2227 se
1084 2163 1149 2226 ium
1223 2183 1224 2256 p

139 2251 262 2332 pridem
277 2251 436 2330 potentine
448 2250 630 2332 plorioeqce
644 2250 769 2312 abunde
784 2251 950 2330 adeptam,-
965 2269 1030 2312 rem
1044 2249 1147 2329 publi·
1223 2261 1224 2272 ¹

143 2353 228 2413 cem,
251 2337 281 2397 si
304 2335 379 2416 quid
399 2336 462 2398 sibi
486 2338 635 2413 eveniret,
667 2354 764 2415 neque
788 2335 921 2415 quietum
943 2335 1016 2415 fore
1036 2341 1066 2396 et
1088 2335 1147 2396 ali-

99 2435 133 2492 37
144 2425 259 2500 quanto
274 2419 428 2480 deteriore
449 2420 623 2483 conditione
641 2419 746 2481 civilio
761 2419 845 2481 bella
858 2419 1042 2482 subituram.
1073 2419 1184 2481 illudas

143 2504 230 2583 plane
245 2505 321 2563 inter
337 2521 438 2564 omnes
455 2506 520 2565 fere
537 2505 683 2583 constitit,
706 2505 793 2566 talem
815 2506 842 2564 ei
859 2513 982 2565 mortem
1004 2522 1098 2584 paene
1110 2523 1150 2565 ex

142 2588 285 2649 sententia
305 2586 459 2665 obtigisse.
481 2589 555 2650 Nam
571 2599 600 2650 et
617 2588 775 2670 quondam,
796 2607 860 2649 curn
875 2588 951 2669 apud
967 2587 1148 2668 Xenophon·
1223 2597 1224 2652 t

141 2682 200 2734 tem
215 2671 339 2750 legisset
355 2671 462 2748 Cyrum
485 2674 583 2734 ultima
599 2673 757 2735 valitudine
779 2674 932 2735 mandasse
950 2673 1091 2754 quaedam
1111 2673 1148 2733 de
1223 2691 1224 2694 ¹

141 2760 244 2819 funere
267 2775 337 2835 suo,
372 2767 544 2837 aspernatus
570 2768 628 2818 tarn
651 2759 759 2819 lentum
784 2760 885 2819 mortis
905 2776 1000 2836 genus
1026 2757 1148 2818 subitam

142 2842 198 2903 sibi
220 2841 406 2922 celeremque
428 2852 595 2923 optaverat;
615 2851 644 2903 et
664 2843 757 2923 pridie
780 2861 864 2922 quam
891 2842 1095 2920 occideretur,
1118 2843 1185 2902 in³⁰

141 2944 276 2988 sermone
297 2934 365 2988 nato
391 2945 481 3007 snper
507 2946 625 2989 caenam
642 2928 718 3007 apud
737 2928 866 2989 Marcum
887 2927 1041 3008 Lepidum,
1070 2928 1148 3007 quis-

140 3029 205 3071 nam
221 3020 301 3073 esset
325 3013 390 3072 finis
412 3012 489 3073 sitae
511 3011 778 3091 commodissimus,
805 3014 988 3092 repentinum
1015 3014 1147 3090 inopina·
1223 3023 1224 3092 t

141 3104 257 3175 tumque
271 3097 460 3176 praetulerat.
1218 3115 1224 3180 a]

99 3203 135 3260 gg
206 3179 294 3240 Periit
317 3189 402 3241 sexto
427 3191 456 3241 et
476 3182 736 3262 quinquagensimo
765 3183 867 3242 aetatis
897 3199 972 3242 anno
1003 3191 1090 3262 atque
1117 3180 1147 3240 in

143 3261 262 3324 deorum
283 3283 430 3325 nnmerum
450 3266 559 3326 relatus
583 3275 644 3342 est,
673 3283 799 3326 nonore
820 3264 907 3327 modo
929 3265 1147 3327 decernentium
1156 3284 1181 3325 ss

140 3346 196 3408 sed
211 3357 240 3407 et
252 3352 442 3427 persuasione
460 3351 553 3429 volgi.
578 3349 725 3429 Siquidem
747 3349 832 3427 ludis,
849 3367 923 3429 quos
944 3352 1055 3430 primos
1075 3369 1144 3413 con-

141 3440 258 3492 secrato
277 3434 304 3491 ei
322 3430 410 3495 lueres
424 3435 575 3514 Augustus
597 3434 719 3512 edebat,
745 3434 830 3495 stella
846 3435 947 3495 crinita
962 3454 1016 3514 per
1031 3445 1145 3515 septem
1223 3437 1224 3444 ’

143 3517 298 3578 continuos
310 3514 373 3576 dies
385 3519 476 3597 fulsit,
490 3520 628 3580 exoriens
643 3521 721 3580 circa
734 3519 913 3579 undecimam
925 3519 1039 3597 horam,
1052 3521 1145 3580 eredi-
1223 3595 1224 3600 ἵ
