2450 3910
455 250 800 304 arenearum
934 209 939 218 ¹
1026 241 1096 302 2171

95 408 196 486 tenuit,
211 403 285 470 Gaio
301 424 355 485 per
370 405 532 484 aurigandi,
555 403 674 468 Claudio
693 423 747 484 per
767 406 849 469 aleae
869 406 990 470 studium
1009 407 1088 470 iami-

96 495 188 569 liaris,
204 489 258 553 sed
277 491 421 570 aliquanto
442 489 553 552 Neroni
574 491 737 570 acceptior,
765 509 828 554 cum
848 501 969 572 propter
989 491 1089 554 eadem

13 627 25 638 ,
96 578 180 655 baec,
196 585 253 637 tum
267 575 408 654 peculiari
423 577 541 651 merito,
559 574 635 652 quod
650 574 819 652 praesidens
836 578 982 638 certamini
996 575 1088 638 Nero·

96 679 170 738 neo,
192 660 353 738 cupientem
370 661 445 719 inter
468 658 653 718 citharoedos
673 659 863 736 contendere,
885 679 940 720 nec
960 663 1088 740 quamvis

73 743 291 824 ndagitautibus
309 744 420 807 cunctis
442 743 610 822 promittere
628 742 778 803 audentem
795 742 920 822 ideoque
937 763 1089 822 egressum

96 831 209 892 theatro
221 837 423 905 sevocaverat,
436 829 516 907 quasi
530 827 744 906 perseverantis
756 826 858 904 populi
869 827 1015 905 legatione
1026 848 1088 890 sus-

97 923 193 994 cepta,
209 911 442 992 exorandumque
454 910 637 990 praebuerat.

158 996 254 1060 'l'riurn
271 998 366 1076 itaque
383 998 541 1076 principum
556 994 732 1072 indulgentia
745 1011 804 1060 uon
823 995 916 1058 solu-m
932 995 1120 1060 bonoribust

96 1101 196 1144 verum
208 1089 242 1141 et
255 1079 427 1144 sacerdotiis
440 1080 622 1160 amplissimis
635 1087 746 1154 auctus,
765 1080 999 1158 proconsulatum
1012 1081 1088 1142 Afri·

63 1183 152 1229 meae
174 1173 242 1244 post
258 1165 336 1228 baec
355 1183 509 1244 curamque
530 1181 651 1243 operum
672 1163 852 1242 publicorum
872 1164 1090 1243 administravit,

97 1261 127 1312 et
137 1250 285 1312 voluntate
298 1248 405 1328 dispari
421 1257 450 1312 at
461 1250 681 1311 existimatione.
706 1247 739 1306 ln
755 1249 904 1328 provincia
915 1249 1090 1326 singularem

95 1335 289 1395 innocentiam
302 1333 444 1412 praestitit
455 1331 572 1394 biennio
584 1333 765 1408 continuato,
779 1350 842 1392 cum
853 1333 1021 1394 succedenti
1032 1333 1089 1395 fra·

96 1419 134 1479 tri
142 1418 259 1494 legatus
268 1415 461 1486 substitisset;
476 1425 505 1476 at
520 1418 549 1478 in
567 1416 675 1476 urbano
693 1415 792 1476 cilicio
813 1415 888 1479 dona
908 1426 994 1496 atque
1006 1434 1078 1479 orna

96 1501 374 1580 mentalemplorum
386 1499 565 1579 subripuisse
579 1509 609 1560 et
622 1509 812 1560 commutasse
825 1501 963 1580 quaedam
975 1500 1089 1563 fereba-

63 1596 158 1663 rstur,
177 1601 289 1664 proque
305 1604 374 1647 auro
392 1594 420 1646 et
439 1594 560 1662 argento
579 1593 708 1646 stannum
726 1594 754 1644 et
772 1585 965 1648 aurichalcum
983 1603 1089 1666 suppo·
1155 1611 1159 1622 f

98 1687 202 1731 sursse.

161 1753 290 1816 Uxorem
304 1750 402 1812 babuit
412 1753 577 1815 Petroniam
595 1754 756 1836 consularis
771 1755 824 1813 riri
835 1754 939 1832 filiam,
959 1764 988 1816 et
1004 1773 1090 1816 exea
1104 1759 1125 1815 d

99 1839 186 1900 lilium
203 1837 403 1898 Petronianum
427 1847 540 1917 captum
557 1838 649 1900 altero
671 1837 767 1898 oculo.
805 1837 889 1900 Hunc
912 1839 1051 1900 heredem
1074 1859 1091 1902 a

98 1931 189 1983 matre
203 1919 255 1982 sub
273 1921 443 1982 condicione
454 1923 625 1998 institutum,
648 1925 671 1982 si
689 1922 725 1982 de
739 1930 890 2000 potestate
908 1925 997 2002 patris
1013 1924 1090 1984 exis·

62 2025 89 2066 sc
99 2015 155 2084 set,
168 2005 356 2066 manu-emisit
366 2002 518 2082 brevique,
533 2015 563 2065 ut
576 2005 713 2066 creditum
722 2014 782 2082 est,
799 2005 956 2083 interemit,
976 2008 1090 2066 insimu-

97 2091 186 2152 latum
202 2090 321 2166 insuper
339 2087 484 2168 parricidii
501 2098 531 2150 et
542 2091 626 2168 ¹quasi
641 2097 769 2169 paratum
781 2088 816 2149 ad
835 2090 931 2150 scelus
949 2108 1091 2152 venenum

99 2193 138 2236 ex
160 2173 339 2236 conscientia
358 2171 511 2236 hausisset.
553 2172 642 2234 Duxit
668 2190 736 2234 mox
763 2172 906 2234 Galeriam
925 2172 1091 2236 Fundanam

98 2257 247 2340 praetorio
267 2265 367 2334 patre,
391 2275 426 2319 ac
443 2255 479 2318 de
499 2257 555 2318 hac
574 2275 690 2336 quoque
710 2257 821 2318 liberos
836 2259 984 2337 utriusque
1001 2275 1091 2318 sexus

97 2342 178 2418 tulit,
194 2341 369 2403 seducerem
385 2341 532 2403 titubantia
549 2343 608 2402 oris
623 2359 717 2420 prope
732 2350 837 2402 mutum
852 2351 880 2402 ct
898 2342 1052 2420 elinguem.

64 2442 89 2484 ns
162 2424 190 2486 A
203 2424 296 2486 Galba
309 2427 337 2486 in
352 2425 519 2490 inferiorem
536 2426 715 2488 Germaniam
731 2435 830 2488 contra
845 2428 1010 2506 opinionem
1023 2429 1120 2494 mis-t

99 2528 149 2572 sus
166 2518 219 2569 est.
249 2507 384 2570 Adiutum
398 2519 500 2588 putant
515 2511 547 2571 Τ.
563 2512 629 2571 Vini
645 2511 800 2588 sullragio,
816 2520 884 2572 tunc
899 2513 1091 2590 potentissimi

100 2603 130 2656 et
146 2595 191 2654 cui
206 2594 390 2672 iampridem
409 2612 463 2672 per
478 2601 655 2656 communem
667 2595 801 2657 factionis
813 2596 1091 2657 Venetaelavorem

100 2677 272 2740 conciliatus
289 2686 384 2747 es=set;
399 2680 454 2738 nisi
469 2679 546 2756 quod
563 2678 653 2740 Galba
668 2696 739 2758 prae
752 2697 784 2738 se
796 2679 876 2756 tulit,
890 2680 985 2742 nullos
998 2681 1092 2740 minus
1123 2717 1126 2725 ι

98 2761 270 2824 metuendos
285 2778 369 2840 quam
386 2764 433 2840 qui
449 2761 486 2824 de
501 2762 567 2822 solo
583 2765 659 2824 victu
675 2763 847 2841 cogitarent,
865 2782 900 2824 ac
918 2781 1007 2843 posse
1023 2780 1090 2841 pro-

66 2845 270 2908 snvincialibus
288 2847 382 2925 copiis
401 2846 571 2924 profundam
592 2847 689 2924 gulam
710 2849 772 2908 eius
796 2847 925 2926 expleri,
948 2857 978 2908 ut
999 2849 1091 2907 cuivis

100 2930 220 2991 evidens
236 2931 278 2990 sit
300 2939 466 3008 contemptu
486 2932 579 3008 magis
598 2948 682 3009 quarn
710 2932 803 3009 gratia
830 2932 964 2992 electmn.
1015 2931 1091 2992 Satis

102 3023 223 3092 constat,
241 3015 354 3076 exituro
370 3015 503 3074 viaticum
518 3015 656 3091 defuisse,
672 3023 750 3076 tanta
766 3025 898 3092 egestate
911 3018 955 3079 rei
973 3015 1090 3076 familia·

101 3099 157 3175 ris,
173 3108 204 3158 ut
218 3115 310 3159 uxore
327 3107 355 3158 et
370 3098 487 3175 liberis,
506 3117 579 3177 quos
593 3099 704 3160 Romae
723 3099 921 3178 relinquebat,
942 3099 1090 3160 meritor‘o

103 3183 261 3244 caenaculo
276 3183 394 3260 abditis,
417 3182 529 3246 domum
544 3185 572 3242 in
592 3183 733 3262 reliquam
754 3193 864 3263 partem
885 3185 952 3246 anni
973 3117 1090 3244 ablega·

69 3275 155 3344 aeret,
171 3276 258 3346 utque
274 3286 312 3328 ex
328 3285 396 3327 aure
411 3268 509 3330 matris
525 3267 683 3327 detractum
698 3271 831 3328 unionem
847 3267 1043 3346 pigneraverit
1054 3265 1091 3328 ad

102 3348 210 3412 itineris
225 3352 381 3430 impensas.
412 3349 592 3412 Greditorum
609 3351 724 3430 quidem
739 3353 973 3430 praestolantium
991 3369 1026 3411 ac
1042 3351 1090 3411 de·

102 3433 247 3496 tinentium
262 3435 373 3497 turbam
389 3443 419 3496 et
440 3437 468 3494 in
488 3435 523 3495 iis
547 3437 740 3500 Sinuessanos
754 3435 998 3517 Formianosque,
1020 3451 1089 3515 quo-

103 3533 163 3578 rum
178 3519 294 3598 publica
312 3519 469 3598 vectigalia
492 3520 711 3600 interverterat,
741 3523 856 3582 nonnisi
876 3531 990 3583 terrore
1014 3519 1092 3579 calu·
