2450 3910
543 243 647 291 natac.
1039 230 1097 294 189

105 415 279 479 quandoque
295 417 311 459 e
328 417 361 459 rc
376 418 405 479 p.
420 419 456 460 ac
471 401 635 477 provincias
652 409 680 460 et
702 403 846 461 exercitus
862 401 949 478 equiti
963 400 998 460 ll.
1014 419 1049 460 ac
1063 400 1096 460 li-

7 513 8 516 *
105 483 197 544 bertis
215 483 429 562 permissurum.
462 482 549 544 Certe
571 500 666 563 neque
690 483 846 544 adveniens
866 503 961 563 neque
981 485 1096 563 prolici-

7 585 12 606 ·
106 585 193 628 scens
208 585 378 646 quemquam
400 568 502 628 osculo
524 569 675 646 impertiit,
697 586 733 628 ac
753 586 790 627 ne
809 569 1014 629 resalutatione
1035 569 1096 648 qui·

106 651 184 719 dem;
209 653 267 710 et
258 671 286 712 ιιι
302 651 478 730 auspicando
496 669 587 732 opere
604 651 700 712 Isthmi
720 670 823 729 magna
841 653 1002 731 frequentia
1019 654 1096 714 clare

82 734 208 809 ,orata
220 752 259 796 ac
267 735 432 814 populolt
445 734 581 797 hencres
592 742 724 799 certaret
713 738 852 831 optant
864 735 1038 797 dissimulata
1052 755 1096 797 sc-

105 828 189 881 natus
207 821 361 880 mentione.

169 903 227 964 Sed
250 921 306 963 nec
321 903 432 983 populo
451 913 498 963 aut
513 904 663 964 moenibus
678 903 789 983 patriae
804 905 946 984 pepercit.
974 904 1139 969 Dicente38

107 987 253 1066 quodam
246 1007 273 1047 ιι
288 1006 423 1048 sermone
439 987 592 1049 communi:

252 1064 344 1150 Ἐμοῦ
362 1065 509 1144 θανόντος
522 1077 593 1152 γαῖα
605 1066 741 1150 pagense
755 1071 845 1150 accpi!
1120 1119 1127 1128 .

71 1179 97 1222 10
106 1153 218 1233 Immo,
235 1157 338 1234 iuquit,
354 1151 436 1236 ἐμοῦ
450 1151 586 1231 ζῶντος]
607 1157 775 1236 planeque
766 1165 805 1214 uta
819 1156 899 1216 lecit.
927 1155 1000 1215 Nam
1017 1135 1108 1234 quasi

106 1241 235 1302 offensus
251 1239 431 1302 deformitate
447 1249 574 1300 veterum
590 1240 784 1300 aedificiorum
806 1249 834 1298 et
854 1241 994 1316 augustiis
1008 1239 1097 1300 llexu-

104 1325 204 1405 risque
220 1325 361 1404 vicorum,
377 1326 503 1386 incendit
518 1324 619 1387 urbem
636 1334 692 1388 tam
710 1325 819 1406 palam,
835 1333 864 1383 ut
880 1323 1012 1402 plerique
1030 1340 1096 1383 cou-

106 1411 219 1470 sulares
238 1409 431 1472 cubicularios
455 1410 533 1488 eius,
557 1430 620 1472 cum
640 1421 744 1492 stuppa
765 1407 907 1489 taedaque
927 1409 956 1470 iu
972 1407 1114 1488 praediis¹

107 1497 166 1554 suis
182 1493 398 1573 deprehensos,
422 1512 480 1554 uon
502 1497 664 1574 attigeriut;
688 1505 717 1555 ct
740 1495 879 1574 quaedam
899 1494 1005 1554 horrca
1021 1496 1097 1553 circa

69 1579 221 1643 sodomum
241 1575 382 1656 Auream,
415 1597 534 1658 quorum
558 1582 678 1659 spatium
704 1581 826 1639 maxime
849 1578 1046 1656 desiderabat,
1068 1586 1098 1636 ut
1132 1649 1134 1654 ,

104 1662 219 1722 bellicis
235 1662 372 1723 machinis
386 1663 528 1725 labefacta
545 1673 631 1743 atque
645 1665 815 1724 inflammata
830 1665 895 1741 siut,
914 1661 989 1742 quod
1006 1679 1096 1722 saxeo

23 1776 67 1808 e
104 1763 186 1806 muro
209 1755 371 1807 constructa
392 1757 481 1808 erant.
511 1749 568 1808 Per
588 1768 642 1809 sex
663 1749 724 1809 dies
744 1757 915 1827 septemque
938 1756 1041 1807 noctes
1063 1764 1096 1806 ea

7 1861 19 1904 ι,
106 1830 189 1890 clade
206 1829 344 1889 saevitum
361 1840 419 1909 est,
436 1831 471 1891 ad
487 1842 731 1903 monumentorum
745 1832 952 1910 bustorumque
967 1831 1096 1891 diverso·

104 1916 146 1975 ria
162 1913 249 1993 plebe
263 1915 420 2014 compqlsa.
452 1915 532 1976 Tunc
547 1927 663 1995 praeter
677 1917 844 1976 immensum
858 1933 1005 1975 numerum
1022 1916 1097 1973 insu·

64 1994 195 2073 solarum
209 1997 309 2057 domus
322 1999 482 2078 priscorum
498 1999 599 2060 ducum
617 2009 750 2060 arserunt
760 1999 913 2059 hostilibus
925 1998 1018 2058 adhuc
1030 2015 1097 2076 spo·

103 2069 151 2143 liis
165 2081 333 2159 adornatae,
356 2067 551 2162 deorumque⁹
554 2083 642 2144 aedes
662 2083 697 2143 ab
714 2083 833 2160 regibus
849 2101 884 2143 ac
896 2081 999 2142 deiude
1015 2081 1096 2142 Puni·

66 2169 148 2228 cis
163 2175 192 2226 et
210 2165 328 2226 Gallicis
348 2166 433 2227 bellis
454 2173 541 2228 votae
560 2167 784 2246 debentneque,
807 2175 836 2228 et
850 2165 985 2245 quidquid
1002 2167 1096 2225 visen·

104 2251 169 2311 dum
185 2259 269 2328 atque
284 2250 470 2312 memorabile
485 2270 523 2312 ex
539 2252 704 2330 antiquitate
727 2250 888 2311 duraverat.
915 2250 1008 2310 Hoc
1000 2267 1096 2308 mcen·

104 2335 211 2396 diurne
233 2341 311 2394 turre
326 2335 541 2396 Maecenatiana
560 2345 751 2416 prospectans
774 2336 923 2414 laetusque
942 2331 1095 2411 flammae,

65 2438 94 2479 aa
104 2428 135 2478 ut
151 2418 261 2495 aiebat,
279 2418 508 2500 pulchritudine
521 2419 639 2480 Halosin
655 2419 701 2501 llil
717 2420 745 2478 in
760 2420 811 2480 illo
828 2437 879 2479 suo
895 2420 1031 2480 scaenico
1046 2417 1095 2478 ha·

102 2503 163 2562 bitu
186 2501 357 2564 decantavit.
403 2503 449 2563 Ac
471 2523 507 2564 ne
529 2522 586 2564 non
610 2503 676 2564 hinc
702 2521 816 2583 quoque
838 2513 972 2584 quantum
994 2513 1097 2585 posset

17 2663 20 2668 Ι
103 2585 230 2666 praedae
250 2595 279 2645 et
299 2587 492 2647 manubiarum
512 2587 675 2666 invaderet,
703 2588 850 2667 pollicitus
876 2587 1047 2649 cadaverum
1069 2596 1097 2645 et
1157 2659 1160 2666 y

103 2669 237 2730 ruderum
258 2673 410 2748 gratuitam
433 2674 630 2752 egestionem,
657 2673 760 2734 nemini
784 2672 821 2733 ad
842 2674 981 2751 reliquias
1001 2688 1096 2732 rernm

106 2771 218 2814 suarum
236 2753 315 2814 adire
331 2757 473 2834 permisit:
496 2756 763 2835 conlationibusque
785 2774 843 2816 non
862 2757 990 2836 receptis
1010 2753 1095 2814 modo

68 2855 202 2899 mserum
218 2847 247 2899 et
261 2838 427 2924 efflagitatis
448 2841 613 2919 provincias
629 2842 863 2921 privatorumque
882 2859 985 2902 census
1002 2857 1095 2918 prope

104 2921 245 2984 exhausit.
278 2919 478 2985 Accesserant
497 2926 582 2984 tantis
604 2944 641 2985 ex
663 2927 795 3005 principe
816 2925 898 2984 malis
921 2923 1138 3022 probrisquedd

104 3006 242 3086 quaedam
258 3016 287 3066 et
302 3007 433 3069 fortuita:
453 3008 618 3087 pestilentia
638 3010 719 3069 unius
741 3010 881 3086 autumni,
903 3027 960 3086 quo
981 3008 1094 3085 triginta

102 3091 233 3174 funerum
248 3092 349 3152 milia
340 3111 368 3152 m
382 3094 522 3153 rationem
535 3093 675 3153 Libitinae
697 3102 851 3168 veneruut;
874 3091 972 3153 clades
987 3091 1109 3160 Britan-

103 3177 184 3250 nica,
207 3193 263 3254 qua
284 3175 340 3236 duo
362 3178 520 3276 praecipua
535 3177 643 3278 oppida
657 3195 760 3255 magna
777 3178 880 3237 civium
895 3177 1096 3277 sociorumqqe

70 3258 196 3320 etcaede
222 3259 333 3340 direpta
356 3271 433 3331 sunt;
462 3262 616 3338 ignominia
636 3261 671 3321 ad
691 3260 852 3339 Orientem,
878 3261 1076 3339 legionibus'
1068 3279 1095 3318 m

105 3342 241 3406 Armenia
263 3344 434 3424 subiugum
454 3345 550 3406 missis
571 3363 719 3424 aegreque
740 3346 823 3421 Syria
843 3355 964 3406 retenta.
994 3335 1132 3407 tlirum‘?

13 3457 20 3468 ·
106 3435 136 3490 et
149 3428 197 3487 rel
213 3430 370 3506 praecipue
385 3428 513 3490 notabile
528 3431 602 3489 iuter
615 3430 689 3490 haec
703 3429 806 3510 luerit,
823 3431 892 3492 nihil
908 3449 971 3492 cum
986 3431 1095 3529 patien-

106 3519 161 3572 ttn's
175 3531 259 3591 quam
274 3512 426 3575 maledicta
448 3524 477 3574 et
500 3515 624 3576 convitia
647 3515 790 3576 hominurn
812 3517 928 3596 tulisse,
950 3534 1044 3598 neque
1065 3517 1095 3578 in
