2468 3912
517 225 689 274 ursmarus.
1067 217 1110 280 st

113 371 194 452 plebi
211 372 262 432 fuit
274 376 434 452 ,secedendi
449 397 548 441 rursus
564 399 581 441 a
596 382 735 460 patribus.
768 382 903 444 Claudius
916 383 1036 462 Drusus,
1052 392 1110 444 sta·

112 467 161 517 tua
182 457 236 518 sihi
251 456 410 522 diademata
425 461 461 522 ad
474 462 554 543 Appi
570 465 676 526 Forum
691 469 802 547 posita,
822 468 932 530 ltaliam
951 486 1005 547 per
1021 467 1110 528 clien-

7 577 11 586 ·
112 540 187 604 telas
208 559 354 624 occupare
374 550 532 625 temptavit.
573 549 709 612 Claudius
730 551 855 613 Pulcher
875 551 952 633 apud
971 552 1110 630 Siciliam,

111 643 172 687 uon
191 629 376 705 pascentibus
398 632 427 690 in
443 633 619 712 auspicando
635 634 721 715 pullis
737 654 771 696 ac
787 655 841 716 per
855 645 1049 716 contemptum
1064 656 1110 696 re·

88 709 229 788 sligiouis
248 715 318 774 mari
340 713 494 795 demersis,
516 719 596 796 quasi
616 726 651 780 at
669 718 806 781 biberent
820 721 944 801 quando
960 738 1029 781 esee
1042 720 1109 782 col·

111 794 191 872 lent,
217 798 359 876 proelium
379 801 482 861 navale
504 802 580 873 iniit;
608 812 835 884 superatusque,
858 823 921 866 curn
941 804 1112 866 dictatorem

111 879 211 940 dicere
233 899 249 940 a
271 892 373 944 senatu
387 883 549 964 iuberetur,
572 887 652 949 velut
673 890 774 950 iterum
796 888 929 950 inludens
954 888 1110 950 discrimini

111 963 244 1044 publico,
262 967 371 1028 Gliciau
384 970 522 1030 viatorem
538 991 619 1032 suum
634 973 713 1033 dixit.

3 1047 16 1056 ”
172 1048 279 1110 Extant
287 1061 316 1112 et
326 1051 493 1114 laminarum
502 1057 635 1136 exempla
643 1056 758 1118 diversa
772 1074 876 1135 aeque,
885 1056 1025 1136 siquidem
1037 1074 1111 1134 geu-

75 1135 146 1194 rotis
167 1133 296 1196 eiusdem
314 1144 433 1217 utraque
451 1137 570 1201 Claudia
585 1141 655 1219 fuit,
673 1150 703 1200 et
721 1159 795 1221 quae
813 1157 916 1201 navem
935 1159 998 1201 oum
1017 1141 1110 1201 sacris

109 1217 208 1280 hlatris
235 1218 318 1280 deum
343 1219 448 1282 Idaeae
474 1224 682 1287 obhaerentem
704 1225 842 1286 'liberino
870 1223 945 1285 vado
975 1225 1109 1300 extraxit,

110 1311 230 1382 precata
245 1304 414 1383 propalam,
431 1314 466 1367 ut
480 1309 525 1368 ita
539 1308 657 1370 demum
671 1327 707 1370 ae
721 1315 918 1391 sequeretur,
934 1308 964 1370 ai
977 1307 1040 1369 sibi
1050 1326 1108 1386 pat·

109 1386 219 1448 dicitic
239 1395 418 1460 connatam,-
446 1400 477 1450 ct
498 1409 571 1470 quae
593 1412 672 1454 novo
693 1412 776 1454 more
795 1393 929 1454 iudicium
950 1393 1110 1453 maiestatis

3 1513 6 1534 2
109 1469 186 1549 apud
214 1472 351 1551 populum
376 1473 479 1534 mulier
504 1476 605 1555 snhiit,
633 1478 711 1557 quod
731 1480 759 1538 in
780 1478 911 1538 conierta
932 1475 1111 1538 multitudine

72 1567 99 1609 rs
110 1572 201 1631 aegre
217 1555 397 1633 procedente
413 1570 553 1638 carpento
569 1562 663 1642 palam
679 1570 845 1644 optaverat,
868 1568 902 1622 ct
914 1560 1021 1642 frater
1034 1577 1112 1621 ecca

108 1637 241 1700 Pulcher
260 1643 466 1705 revivesceret
485 1653 577 1726 atque
592 1648 702 1708 iterum
715 1648 848 1710 classem
862 1647 1028 1723 omitteret,
1050 1663 1110 1726 quc

3 1799 4 1802 Ἴ
108 1722 209 1784 minor
234 1724 328 1786 turba
350 1726 469 1790 Romae
492 1729 585 1808 foret.
631 1732 787 1794 Praeterea
820 1731 1038 1794 notatissimum
1054 1739 1109 1807 est,
1139 1739 1141 1744 '

110 1806 248 1868 Claudios
265 1811 512 1892 omnis„excepto
528 1815 593 1876 dum
604 1825 682 1878 taxat
697 1817 728 1877 P.
747 1815 869 1893 Clodio,
887 1817 934 1895 qui
950 1815 988 1876 oh
1008 1812 1110 1893 expel-

109 1891 224 1952 lendum
245 1893 316 1954 urhe
333 1893 505 1957 Ciceronem
520 1898 638 1977 plebeio
654 1900 760 1961 homini
776 1909 862 1980 atque
877 1901 963 1960 etiarn
978 1908 1045 1960 natu
1060 1899 1110 1956 mi·

73 1987 100 2028 2⁰
110 1978 174 2036 nori
192 1977 221 2036 iu
237 1975 422 2056 adoptionem
437 1999 470 2041 se
485 1980 578 2060 dedit,
596 1985 749 2062 optimates
764 1984 991 2063 adsertoresque
1008 1983 1111 2042 unicos

110 2060 257 2137 dignitatis
289 2080 324 2124 ac
355 2065 502 2142 potentiae
528 2068 711 2144 patriciorum
739 2085 857 2146 semper
883 2067 990 2142 fuisse,
1024 2075 1111 2143 atquc

109 2144 249 2206 adversus
265 2146 382 2224 plebem
395 2148 468 2209 adeo
484 2149 630 2212 violentos
645 2161 675 2211 ct
689 2160 889 2228 contumaces,
905 2159 988 2210 ut'ne
1006 2149 1111 2228 eapitis

6 2285 12 2304 ,
109 2223 224 2308 quidem
246 2231 395 2310 quisquam
411 2251 478 2294 reus
496 2234 572 2313 apud
591 2234 730 2315 populum
744 2245 854 2296 mutare
870 2244 983 2295 vestem
998 2242 1047 2294 aut
1062 2232 1111 2293 de·

4 2305 6 2312 ’
109 2314 225 2392 precari
239 2316 419 2388 sustinuerit;
437 2318 566 2379 nonnulli
580 2319 609 2378 iu
624 2319 814 2381 altereatione
830 2329 860 2380 et
874 2320 968 2396 iurgio
980 2317 1112 2379 tribunos

74 2396 190 2476 asplebi
205 2398 392 2477 pulsaverint.
424 2401 517 2464 Etiam
532 2405 616 2483 virgo
633 2405 761 2466 Vestalis
774 2405 909 2483 fratrem,
933 2403 1042 2464 iniussu
1059 2420 1111 2483 po-

111 2480 170 2560 puli
193 2483 429 2564 triumphantem,
453 2506 576 2548 ascenso
599 2488 682 2549 simul
706 2508 806 2568 curru,
828 2489 969 2569 usquein
993 2486 1111 2567 Capito·
1221 2567 1223 2572 Ι

4 2571 11 2606 ¹·
109 2564 177 2625 lium
195 2578 352 2645 prosecuta
373 2579 433 2649 est,
458 2590 495 2633 ne
519 2581 621 2634 vetare
640 2581 688 2634 aut
708 2573 891 2636 intercedere
913 2572 958 2634 ias
979 2573 1112 2652 cuiquam

109 2648 285 2712 tribunorum
300 2663 389 2715 esset.

172 2732 219 2794 Ex
237 2735 292 2796 hac
317 2739 408 2818 stirpe
428 2739 563 2826 Tiberius
584 2740 694 2802 Caesar
715 2761 808 2820 genus
831 2741 932 2818 trahit,
953 2750 982 2800 et
996 2738 1141 2819 quidem3

74 2827 276 2898 centrumque:
299 2831 448 2900 paternum
462 2844 478 2886 a
497 2824 615 2886 Tiberio
630 2826 765 2904 Nerone,
788 2835 946 2887 maternum
961 2823 997 2884 ab
1012 2821 1111 2902 Appio

110 2901 250 2981 Pulchro,
271 2906 320 2983 qui
341 2906 425 2968 ambo
441 2908 521 2989 Appi
538 2908 627 2970 Caeci
648 2910 698 2970 filii
718 2910 841 2971 luerunt.
872 2908 1002 2970 Insertus
1024 2915 1112 2966 estet

108 2983 253 3048 hiviorum
273 2990 412 3069 iamiliae,
436 2993 575 3072 adoptato
596 2995 625 3052 in
648 3012 710 3054 eam
726 3003 856 3055 materno
871 3010 937 3052 avo.
971 2991 1053 3066 Quae
1069 2989 1110 3049 ia-

108 3069 203 3148 milia,
228 3089 390 3152 quanquam
413 3076 546 3155 plebeia,
572 3087 667 3138 tamen
692 3087 721 3137 et
741 3080 806 3157 ipsa
830 3074 982 3137 admodum
1005 3074 1110 3152 lloruit,

110 3163 178 3216 octo
195 3157 412 3238 consulatibus,
436 3163 568 3222 censuris
585 3160 711 3239 duabus,
733 3160 884 3239 triumphis
897 3159 1004 3237 trihus,
1022 3159 1110 3220 dicta·

75 3250 101 3292 at
111 3245 174 3300 tura
197 3241 282 3303 etiam
303 3260 338 3304 ae
354 3245 522 3322 magisterio
539 3247 665 3325 equitum
678 3246 835 3316 honorata;
856 3245 935 3305 clara
950 3253 979 3305 et
992 3242 1111 3322 iusigni-

109 3320 164 3384 bus
182 3325 270 3404 viris,
293 3345 328 3388 ac
349 3330 471 3390 maxime
492 3331 655 3391 Salinatore
676 3330 846 3410 Drusisque.
884 3329 1030 3390 Salinator
1051 3328 1111 3389 nui·

109 3424 213 3470 uersas
232 3410 323 3472 trihus
338 3414 367 3473 in
384 3432 506 3474 censura
521 3417 631 3476 notarit
645 3415 770 3477 levitatis
784 3415 915 3492 nomine,
935 3411 1027 3494 quod,
1047 3430 1112 3472 curn

5 3489 28 3550 j,
108 3509 143 3552 se
164 3502 232 3574 post
251 3497 378 3574 priorem
399 3498 578 3561 consulatum
601 3500 688 3562 multa
708 3502 841 3572 inrorato
859 3498 1111 3571 condemnassent,
