2468 3912
449 232 553 282 DIVUS
573 230 762 280 AUGUSTUS.
1067 226 1108 286 45

105 400 169 468 cta,
192 391 261 450 utin
274 406 348 450 nave
371 389 464 448 victor
484 388 709 467 pernoctaverit.
742 388 788 447 Ab
804 389 890 448 Actio
912 406 975 449 oum
994 389 1107 452 Samum

104 478 135 535 in
149 473 270 535 hiberna
286 492 318 534 se
334 473 516 552 recepisset,
540 470 669 532 turbatus
684 473 789 532 nuntiis
805 473 842 533 de
863 471 1004 534 seditione
1019 494 1105 554 prae·

105 561 162 620 mia
179 568 208 619 et
223 559 388 619 missionem
403 557 600 635 poscentium,
626 573 698 634 quos
719 558 848 618 exomni
866 575 985 618 numero
1006 561 1109 620 conie-

18 646 24 660 '
106 654 154 704 ota
178 645 299 704 victoria
317 640 496 702 Brundisium
513 642 718 720 praemiserat,
736 643 861 721 repetita
875 640 974 720 ltalia,
996 653 1108 724 tempe-

80 736 182 788 ustate
202 729 231 787 in
253 729 376 788 traiectu
397 725 442 786 bis
471 725 651 785 conflictatus
678 725 786 804 (primo
808 728 885 786 inter
909 731 1105 806 promuntorio

105 812 303 890 Peloponnesi
319 820 403 890 atque
416 809 568 887 Aetoliae,
591 828 690 870 rursus
713 811 791 870 circa
806 819 919 872 montes
935 809 1105 891 Ceraunios,

105 895 258 976 utrubique
281 903 365 975 parte
387 894 590 955 liburnicarum
614 893 762 971 demersa,
791 895 872 955 simul
893 897 971 974 eius,
1001 899 1029 956 in
1051 917 1104 978 qua

106 979 285 1056 vehebatur,
308 981 380 1040 lusis
404 981 585 1040 armamentis
606 987 636 1039 et
655 978 854 1056 gubernaculo
879 978 1027 1059 diliracto)
1050 1001 1106 1042 nec

8 1087 9 1090 ¹
107 1065 229 1145 amplius
246 1083 330 1144 quam
342 1073 456 1145 septem
474 1073 503 1124 et
516 1065 619 1142 viginti
634 1062 705 1139 dies,
722 1062 815 1123 donec
830 1063 973 1124 desideria
988 1065 1105 1125 militum

68 1169 97 1213 to
108 1149 325 1228 ordinarentur,
347 1149 489 1209 Brundisii
515 1157 724 1224 commoratus,
755 1147 844 1208 Asiae
866 1148 1026 1228 Syriaeque
1050 1153 1104 1210 oir-

106 1237 182 1295 cuitu
198 1233 366 1314 Aegyptum
383 1235 455 1312 petit
469 1231 648 1313 obsessaque
664 1230 867 1310 Alexandrea,
890 1250 946 1310 quo
963 1232 1104 1294 Antonius

106 1337 169 1379 oum
188 1317 347 1399 cleopatra
366 1317 555 1394 confugerat,
576 1317 658 1377 brevi
680 1318 789 1396 potitus
809 1325 863 1376 est.
897 1315 935 1376 llt
950 1317 1105 1377 Antonium

105 1403 237 1483 quidem,
257 1421 339 1463 seras
355 1400 536 1461 conditiones
548 1403 630 1480 pacis
645 1409 841 1480 temptantem,
858 1401 892 1461 ad
907 1410 1027 1461 mortem
1039 1401 1103 1461 ade-

8 1497 12 1522 ²
92 1489 148 1566 ¹git
165 1485 293 1566 viditque
308 1495 457 1546 mortuum.
493 1482 687 1565 Cleopatrae,
704 1503 786 1566 quarn
802 1495 946 1546 servatam
960 1485 1103 1565 triumpho

66 1593 96 1637 aa
105 1589 286 1650 magnopere
309 1570 461 1649 cupiebat,
491 1571 576 1630 etiam
597 1569 710 1649 psyllos
733 1570 872 1648 admovit,
896 1573 943 1649 qui
963 1589 1104 1631 venenum

105 1675 140 1718 ac
161 1657 240 1715 tirus
262 1663 440 1732 exugerent,
469 1654 544 1735 quod
565 1657 680 1734 perisse
700 1671 798 1715 morsu
815 1654 923 1734 aspidis
942 1655 1102 1734 putabatur.

103 1737 255 1801 Ambobus
272 1757 449 1800 communem
466 1739 632 1819 sepulturae
653 1739 792 1800 bonorem
807 1739 904 1800 tribuit
919 1758 953 1800 ac
969 1740 1103 1800 tumulum

105 1824 140 1885 ab
162 1823 235 1902 ipsis
257 1824 420 1885 inchoatum
440 1825 542 1904 perfici
558 1827 648 1886 iussit.
685 1824 839 1885 Antonium
853 1825 1001 1903 iuvenem,
1017 1825 1103 1884 maio·

103 1926 165 1970 rem
181 1907 217 1967 de
241 1907 352 1968 duobus
372 1906 474 1969 Fulvia
489 1910 610 1986 genitis,
633 1908 787 1969 simulacro
802 1907 868 1968 Divi
889 1906 958 1986 luli,
978 1909 1012 1970 ad
1028 1908 1104 1989 quod

62 2020 94 2061 20
106 2001 174 2073 post
191 1992 294 2052 multas
309 2001 339 2052 et
354 1993 450 2051 irritas
464 2009 571 2071 preces
587 1992 768 2070 confugerat,
784 1991 934 2072 abreptum
949 1995 1102 2053 interemit.

103 2078 176 2137 ltem
199 2075 420 2153 Caesarionem,
445 2093 529 2155 quem
546 2093 583 2135 ex
599 2074 727 2136 Caesare
750 2075 907 2154 Cleopatra
930 2079 1103 2154 concepisse

104 2159 308 2242 praedicabat,
332 2169 490 2221 retractum
513 2177 529 2218 e
551 2159 622 2237 iuga
639 2159 784 2239 supplicio
807 2158 923 2220 adiecit.
963 2160 1103 2239 Reliquos

103 2247 222 2328 Antonii
241 2247 421 2325 reginaeque
436 2261 600 2305 communes
620 2244 730 2305 liberos
745 2262 802 2304 non
818 2262 904 2304 secus
921 2261 955 2304 ao
975 2245 1103 2304 necessi-

104 2329 200 2391 tudine
216 2333 329 2390 iunctos
338 2330 393 2390 sibi
408 2339 438 2389 et
452 2330 637 2390 conservavit
653 2337 682 2389 et
695 2346 762 2388 mox
769 2346 823 2408 pro
838 2327 1003 2388 conditione
1011 2331 1101 2389 cuius·

65 2433 161 2495 aeque
178 2415 309 2475 sustinuit
325 2433 359 2476 ao
377 2415 460 2476 iovit.
490 2413 636 2474 Periclem
657 2422 770 2493 tempus
789 2411 977 2473 conditorium
994 2423 1024 2475 et
1039 2431 1101 2474 cor·
1112 2422 1146 2478 18

104 2518 158 2578 pus
172 2498 270 2578 llagni
284 2498 462 2576 Alexandri,
494 2516 557 2558 cum
574 2499 715 2579 prolatum
732 2515 749 2558 e
770 2497 912 2578 penetrali
931 2497 1103 2559 subiecisset

104 2582 212 2662 oculis,
229 2602 338 2645 corona
357 2601 444 2645 aurea
461 2584 595 2663 imposita
614 2602 648 2643 ac
664 2582 783 2643 floribus
803 2585 931 2662 aspersis
946 2591 1102 2643 veneratus

104 2677 164 2745 est,
189 2669 411 2748 consultusque,
432 2685 498 2727 num
519 2676 548 2728 et
559 2667 756 2728 Ptolemaeum
771 2667 918 2747 inspicere
933 2666 1037 2744 vellet,
1052 2683 1101 2724 re-

101 2770 169 2833 pent
182 2771 217 2813 se
230 2753 366 2815 noluisse
380 2755 419 2814 ait
432 2752 548 2829 videre,
564 2771 626 2814 con
639 2758 787 2813 mortuos.
813 2752 979 2831 Aegyptum
994 2751 1023 2808 in
1034 2766 1100 2828 pro-

66 2859 95 2902 so
105 2839 220 2899 unciae
238 2838 359 2899 formam
375 2837 522 2898 redactam
536 2845 565 2897 ut
581 2837 755 2897 feraciorem
772 2835 1001 2915 habilioremque
1015 2851 1102 2893 anno-

103 2939 158 2982 nae
174 2921 293 2984 urbicae
308 2922 458 2999 redderet,
476 2921 572 2983 fossas
588 2923 696 3000 omnis,
712 2922 741 2981 in
757 2939 827 3000 quas
843 2920 926 2980 Nilus
942 2925 1101 2992 exaestuat,

104 3005 255 3068 oblimatas
285 3007 373 3086 longa
391 3014 536 3068 vetustate
558 3006 673 3066 militari
694 3023 786 3085 opere
809 3005 939 3065 detersit.
981 3001 1102 3081 Quoque

8 3079 22 3144 l·
102 3092 244 3152 Actiacae
258 3093 399 3153 victoriae
416 3091 554 3152 memoria
574 3089 750 3151 celebratior
765 3098 795 3150 et
807 3092 836 3148 in
850 3095 998 3167 posterum
1011 3094 1100 3164 esset,

102 3173 203 3236 urbem
217 3175 382 3256 Nicopolim
403 3175 478 3255 apud
499 3175 614 3236 Actium
633 3173 759 3235 condidit
779 3172 921 3250 ludosque
940 3169 1000 3231 allio
1022 3172 1100 3250 qnin-

68 3281 94 3323 ss
105 3260 264 3340 quennales
287 3262 434 3322 constituit
454 3269 483 3320 et
497 3260 632 3340 ampliato
650 3267 752 3319 vetere
767 3255 912 3338 Apollinis
935 3255 1044 3336 templo
1059 3255 1100 3315 lo-

104 3339 167 3405 cum
195 3353 371 3424 castrorum,
402 3345 504 3426 quibas
531 3345 626 3406 iuerat
648 3361 730 3420 usus,
762 3349 930 3402 exornatum
951 3339 1101 3402 naualibus

104 3429 206 3509 spoliis
220 3427 355 3510 Neptuno
371 3449 406 3491 ac
421 3430 506 3491 llarti
522 3429 714 3491 consecravit.

166 3513 313 3576 Tumultus
330 3515 453 3596 posthac
472 3523 501 3575 et
515 3533 610 3576 rerum
626 3532 764 3575 nouarum
782 3512 860 3574 initia
877 3511 1102 3574 coniurationes·
1111 3518 1144 3571 19
