2468 3912
137 209 177 273 84
231 221 261 271 c.
277 221 427 271 sonuum
442 215 569 281 amno.
584 221 632 268 nn
647 221 730 268 mus
746 218 930 268 cassanum
946 220 1015 269 nnn.
1032 219 1071 268 11.

775 374 802 435 εἰ
816 373 890 436 δέτι

302 459 364 539 ἔχοι
378 462 474 534 καλῶς
488 452 521 520 sd
533 460 688 540 παίγνιον,
704 452 810 539 κρότον
827 453 892 520 δότε

301 543 352 605 καὶ
367 541 474 618 πάντες
489 537 567 623 ἡμᾶς
580 535 653 624 μετὰ
667 546 758 623 χαρᾶς
772 542 974 625 προπέμψατε.

138 629 274 691 Omnibus
295 629 399 690 deinde
415 629 554 708 dimissis,
580 629 645 690 dum
660 629 847 690 advenientes
863 629 898 690 ab
914 630 986 690 urbe
1000 630 1037 690 de
1052 630 1142 691 Drusi

136 716 194 776 tilia
209 733 298 793 aegra
312 717 484 793 interrogat,
499 724 621 795 repente
636 715 665 774 in
680 714 789 775 osculis
801 714 898 775 Liuiae
913 723 942 774 et
955 715 984 774 iu
996 714 1051 776 bac
1063 731 1168 776 voces

137 799 260 861 defecit:
277 796 380 876 Mein,
392 799 493 861 nostri
502 798 626 879 coniape'
634 816 749 860 memor
759 798 845 876 vioe,
862 817 902 860 oc
915 799 1004 861 cole!
1020 800 1143 860 sortitus

137 886 243 945 exitum
258 885 374 945 facilem
393 893 421 944 et
437 884 551 964 qualem
572 902 689 963 semper
705 892 868 963 optaverat.
900 882 973 944 Nam
988 885 1052 945 iere
1068 901 1141 964 qno-

136 971 210 1028 tiens
237 968 365 1030 audisset
390 970 448 1029 cito
477 988 512 1030 ac
532 969 612 1028 nullo
633 969 760 1029 cruciatu
782 968 943 1029 defunctum
964 972 1141 1048 quempiam,

101 1105 103 1110 .
136 1052 191 1113 sibi
212 1061 241 1112 et
262 1055 322 1114 suis
338 1042 547 1115 εὐθανασίαν
565 1051 685 1113 similem
703 1053 776 1134 (hoc
791 1054 866 1113 enlm
881 1062 911 1113 et
927 1054 1018 1114 verbo
1035 1054 1075 1114 uti
1090 1071 1140 1114 so·
1216 1040 1233 1086 l

134 1137 229 1215 lebat)
252 1138 433 1218 precabatur.
469 1139 563 1200 Unum
586 1139 702 1198 omnino
722 1146 787 1198 ante
809 1138 935 1198 eillatam
956 1140 1078 1199 animam
1101 1138 1139 1198 si-
1152 1155 1178 1195 ιι

134 1240 221 1301 gnum
250 1223 392 1284 alienatae
418 1225 522 1284 mentis
547 1221 688 1300 ostendit,
714 1221 791 1301 quod
813 1221 907 1282 subito
928 1224 1141 1302 pavefactusa

135 1305 324 1385 quadraginta
339 1326 371 1367 se
386 1308 538 1368 iuvenibus
552 1307 646 1386 abripi
663 1316 781 1386 questus
797 1315 851 1369 est.
871 1304 904 1367 ld
916 1323 1033 1387 quoque
1045 1308 1141 1384 magis
1232 1359 1233 1362 ,

135 1393 317 1471 praesagium
334 1410 417 1471 quam
432 1394 535 1452 mentis
550 1390 704 1452 deminutio
720 1392 787 1469 luit,
803 1390 943 1471 siquidem
959 1391 1077 1452 totidem
1087 1393 1139 1450 mi-

95 1486 145 1542 100
155 1474 222 1536 lites
239 1477 416 1555 praetoriani
431 1477 594 1537 extulerunt
609 1494 673 1536 eum
690 1478 719 1535 in
734 1475 890 1555 publicum.
921 1476 997 1536 0biit
1013 1477 1041 1536 in
1059 1474 1138 1536 cubi·
1226 1505 1233 1534 a

137 1560 202 1620 culo
218 1559 337 1638 eodem,
356 1578 412 1640 qno
429 1569 512 1639 pater
528 1557 681 1639 Octavius,
699 1559 811 1621 duobus
827 1561 937 1638 Sextis,
952 1560 1092 1640 Pompeio
1110 1569 1139 1620 et
1150 1573 1176 1615 ιε

135 1642 294 1722 Appuleio,
312 1661 393 1705 cons.
413 1643 505 1705 XIIII.
518 1644 583 1706 llal.
596 1644 745 1724 Septemb.
762 1643 836 1705 bora
851 1643 908 1705 diei
922 1662 1009 1724 nona,
1024 1653 1138 1725 septua-

136 1727 250 1805 gesimo
267 1737 296 1789 et
310 1738 395 1790 sexto
411 1731 514 1798 aetatis
529 1721 619 1806 anno,
636 1729 738 1789 diebus
752 1729 789 1790 V.
804 1737 833 1788 et
848 1728 941 1790 XXX.
959 1731 1060 1790 miuus.

199 1809 312 1892 Corpus
340 1814 515 1874 decuriones
535 1815 755 1893 municipiorum
773 1821 803 1872 et
824 1813 1002 1875 coloniarum
1025 1832 1042 1875 a
1061 1811 1138 1874 Nola

135 1895 263 1957 Bovillas
285 1915 376 1978 usqne
398 1897 602 1977 deportarunt,
628 1898 761 1959 noctibus
783 1906 906 1977 propter
928 1899 993 1960 anni
1015 1907 1138 1977 tempus,

137 2000 200 2042 cum
215 1982 338 2043 Interdiu
350 1985 380 2043 in
395 1983 515 2044 basilica
526 1986 669 2062 ,culosque
687 1981 787 2062 oppidi
802 1982 851 2042 vel
867 1984 896 2042 in
913 1981 1027 2043 aedium
1040 2000 1138 2044 sacra·
1148 1994 1177 2036 ²⁰
1229 1981 1232 2006 “

135 2085 197 2126 rum
213 2069 334 2128 maxIma
350 2077 552 2148 reponeretur.
581 2067 743 2128 ABovillis
759 2076 896 2146 equester
912 2067 984 2128 ordo
999 2067 1138 2144 suscepit,

136 2152 257 2232 urbique
276 2152 369 2212 intulit
384 2162 470 2231 atque
487 2155 516 2212 in
532 2151 676 2213 vestibulo
692 2152 793 2214 domus
810 2152 985 2213 conlocavit.
1015 2153 1140 2212 Senatus

136 2246 166 2297 et
181 2237 210 2294 in
224 2236 326 2297 sonere
341 2237 471 2297 ornando
489 2246 519 2298 et
534 2238 562 2296 in
576 2238 715 2298 memoria
729 2236 897 2297 honoranda
912 2254 948 2297 co
965 2236 1139 2306 studiocer·
1220 2293 1231 2312 ‚,

135 2321 215 2379 tatim
235 2337 412 2399 progressus
433 2330 494 2400 est,
515 2331 545 2381 ut
563 2323 637 2381 iuter
658 2320 714 2381 alla
730 2320 880 2400 complura
895 2322 1061 2382 censuerim
1078 2322 1139 2400 qui·

137 2402 216 2479 dam,
231 2402 316 2463 funus
332 2404 495 2484 triumphali
511 2415 595 2485 porta
610 2404 784 2484 ducendum,
800 2405 996 2484 praecedente
1008 2406 1178 2467 Victoriam

137 2503 211 2565 quae
227 2495 272 2544 est
287 2488 317 2547 in
330 2488 423 2565 curia,
441 2490 610 2550 canentibus
623 2492 736 2550 neniam
747 2490 908 2569 priucipum
920 2489 1022 2551 liberIs
1035 2492 1138 2550 utrius·

139 2588 196 2649 quo
213 2587 315 2640 sexum
332 2571 396 2650 alil,
411 2575 596 2654 exequIamm
611 2573 657 2634 die
673 2575 825 2653 ponendos
841 2575 943 2636 anulos
960 2591 1066 2636 aureos
1080 2575 1138 2634 lor·

137 2671 265 2734 reosque
287 2656 456 2728 sumendos;
483 2659 629 2736 nonnulli,
649 2676 717 2719 ossa
741 2659 866 2736 legenda
890 2678 946 2740 per
968 2657 1139 2721 sacerdotes

138 2756 311 2800 summorum
327 2741 529 2820 collegIorum.
558 2741 624 2803 Fuit
640 2753 669 2803 et
686 2745 733 2822 qui
750 2742 895 2822 suaderet,
911 2743 1137 2823 appellationem

60 2821 62 2826 ’
138 2825 245 2887 mensis
262 2825 386 2903 Augusti
400 2827 429 2887 in
443 2827 644 2906 Septembrem
661 2825 904 2904 transferendam,
921 2828 998 2907 quod
1013 2826 1071 2888 boc
1085 2845 1136 2904 ge·
1147 2848 1177 2890 so

76 2906 80 2916 ’
137 2909 213 2969 nitus
230 2908 395 2989 Angustus,
417 2910 469 2972 illo
491 2911 642 2972 defunctus
659 2920 754 2982 esset:
778 2911 867 2991 alius,
883 2921 914 2973 ut
927 2929 1011 2972 omne
1025 2920 1138 2989 tempus

139 3009 155 3054 a
177 2994 270 3072 primo
286 2994 332 3056 die
349 2995 436 3057 natali
452 2995 487 3057 ad
502 2997 609 3056 exitum
623 2995 848 3057 eius.saeculnm
861 2996 1022 3074 Angustum
1037 2995 1137 3074 appel·

137 3076 248 3138 larctur
264 3087 292 3138 et
308 3081 347 3140 ita
362 3082 391 3140 in
405 3080 498 3141 fastos
512 3081 680 3140 relemetur.
712 3079 821 3140 Vemm
837 3080 964 3143 adhibito
980 3079 1138 3141 bonoribus

138 3160 244 3237 modo,
263 3163 394 3226 bilerIam
409 3165 540 3227 laudatus
556 3173 616 3226 est:
632 3181 686 3243 pro
704 3164 777 3226 aede
792 3164 858 3226 Divi
872 3165 926 3226 Iuli
945 3183 961 3226 a
976 3163 1093 3226 Tiberio
1108 3172 1138 3224 et

139 3249 311 3321 prorostris
327 3249 476 3311 veteribus
491 3248 615 3310 aDruso
629 3247 728 3310 Tiberi
743 3248 814 3326 lilio,
829 3269 865 3312 ac
883 3258 1046 3310 senatorum
1060 3267 1136 3308 nme·
1146 3264 1176 3308 as

105 3323 111 3334 '
139 3327 181 3386 ris
202 3325 313 3390 delatus
335 3333 363 3393 in
379 3332 516 3415 Campum
538 3341 749 3411 crematusqne.
777 3332 842 3394 Nec
859 3334 949 3394 deluit
962 3335 1007 3394 uIr
1022 3340 1137 3412 praeto·
1227 3321 1228 3390 l

139 3410 210 3484 rins,
223 3412 269 3488 qui
287 3431 318 3473 se
334 3417 461 3495 effigiem
477 3418 595 3478 cremati
610 3424 725 3476 euntem
739 3418 767 3476 in
779 3418 889 3479 caelum
902 3418 1011 3479 uidisse
1022 3419 1138 3478 iuraret.
1227 3401 1228 3453 ¹

141 3492 292 3572 Reliquias
319 3497 452 3575 legemnt
477 3502 620 3580 prImores
645 3502 789 3580 equestris
818 3502 939 3581 ordinis,
966 3502 1083 3563 tunicati
1110 3511 1139 3562 et
1219 3535 1227 3562 a
