2466 3896
453 269 752 320 nrvnsonnnnrns.
959 275 1018 340 159

1 467 2 476 η
101 423 199 505 ditque
224 423 385 503 paludatus.
419 425 494 501 Quin
518 435 547 486 et
573 428 729 488 emissurus
750 428 824 490 Fuci
840 465 936 523 lacum
955 463 1023 508 nau.
1170 412 1175 517 ¹,

1 512 3 587 ᾖ
100 509 240 571 machiam
258 518 323 568 ante
339 511 488 570 commisit.
510 510 568 570 Sed
583 529 646 570 cum
659 513 835 591 proclamant
846 532 1026 607 naumachia·

101 597 166 656 riis:
196 592 286 654 Hace
297 595 482 672 imperator,
500 595 644 656 morituri
657 602 686 656 te
699 597 856 692 salutant,
940 623 946 636 ·
1020 630 1029 670 ς

4 689 17 708 ¹
100 677 163 740 Aut
176 680 255 739 non!
269 697 363 757 neque
379 678 534 758 posthanc
550 697 654 740 vocem
671 682 752 760 quasi
769 685 863 766 venia,
946 723 965 782 q

78 764 236 825 adimicare
252 763 358 840 vellet,
385 763 431 822 diu
453 772 601 824 cunctatus
619 783 654 824 an
669 768 761 825 omnis
779 768 839 843 igni
853 767 871 827 ft
893 811 930 854 ue
950 787 1035 848 amu.

1 925 2 928 ,
19 877 21 882 ·
100 858 209 924 meret,
226 847 339 908 tandem
354 866 370 906 e
386 847 456 908 sede
471 867 522 908 sua
537 849 672 928 prosiluit
686 869 721 910 ac
734 868 787 928 per
797 816 964 940 imbibamus
979 881 1039 928 „011

1 927 30 1000 ᾖ
101 935 164 995 sine
184 933 272 992 foeda
295 932 482 993 vacillatione
506 932 685 1010 discurrens,
716 936 818 1012 partim
839 939 915 1022 mino
938 953 1041 1036 partim

1 1062 14 1085 ‚
102 1017 279 1080 adhortando
296 1015 332 1077 ad
347 1036 474 1097 pugnam
490 1018 637 1097 compulit.
664 1019 729 1079 Hoc
747 1021 984 1106 spectacuieassis
999 1033 1042 1094 sp.

102 1102 165 1163 cula
177 1110 206 1161 et
215 1101 330 1178 Rhodia
344 1112 567 1180 concurrerunt,
580 1102 773 1162 duodenarum
785 1104 1045 1201 triremiupngupae‚

62 1207 90 1248 10
103 1188 236 1246 exciente
262 1186 366 1246 bucina
388 1185 506 1248 Tritone
533 1196 690 1267 argenteo,
718 1190 765 1266 qui
790 1206 806 1246 e
830 1187 925 1248 medio
935 1227 971 1269 ,u
996 1217 1048 1281 per

99 1271 257 1332 machinam
273 1279 441 1330 emerserat.

163 1354 308 1430 Quaedam
326 1356 404 1414 circa
420 1355 608 1415 caerimonias
626 1355 797 1435 civilemque
820 1364 848 1415 et
867 1355 979 1434 milita„
992 1370 1097 1428 moon

98 1459 175 1517 rem,
203 1441 271 1500 item
294 1441 372 1499 circa
396 1441 519 1498 omnium
540 1439 668 1499 ordinum
688 1449 789 1499 statum
805 1439 881 1499 domi
900 1441 993 1519 forise
1008 1459 1056 1513 aur

100 1525 243 1601 correxit,
264 1532 312 1584 aut
332 1522 447 1583 exoleta
468 1524 635 1599 revocavit,
658 1533 705 1584 aut
721 1526 805 1584 etiarn
820 1543 897 1587 nova
912 1527 1006 1600 instit,
1026 1534 1061 1594 ln
1076 1527 1113 1551 ²

0 1612 1 1615 ’
61 1628 89 1669 ra
101 1608 273 1687 cooptandis
295 1625 349 1686 per
376 1607 502 1686 collegia
527 1608 727 1668 sacerdotibus
752 1611 892 1670 neminem
912 1610 966 1668 nisi
989 1631 1063 1684 ‚atus

99 1693 270 1762 nominavit;
287 1692 511 1772 observavitque
528 1693 646 1770 sedulo,
673 1703 703 1752 ut
723 1696 856 1772 quotiens
879 1702 956 1754 terra
978 1695 1066 1767 inrbe

7 1809 11 1819 ,
28 1779 252 1862 vwrprorisset,
277 1777 366 1856 ferias
382 1777 524 1838 advocata
539 1780 675 1839 contione
691 1788 809 1858 praetor
825 1778 983 1856 indiceret,
1006 1799 1068 1870 clue

1 1905 3 1914 ,
98 1862 161 1921 dira
175 1879 228 1920 ave
243 1863 272 1919 in
287 1859 432 1940 Capitolio
448 1864 510 1923 visa
525 1862 692 1923 obsecratio
709 1862 877 1940 haberetur,
893 1881 1014 1941 eamque
1027 1889 1071 1933 use

97 1947 160 2004 iure
174 1946 287 2004 maximi
298 1947 444 2024 pontificis
456 1964 509 2024 pro
522 1949 623 2006 rostris
636 1946 745 2026 populo
757 1949 884 2025 praeiret
896 1957 1074 2018 summotaue

58 2049 88 2090 aa
102 2029 301 2108 operariorum
323 2047 529 2108 servorumque
546 2030 637 2091 turba.

161 2115 268 2174 Rerum
280 2123 388 2190 aetum,
401 2113 521 2173 divisum
533 2124 616 2175 antea
631 2116 659 2172 in
672 2113 810 2172 hibernos
822 2115 1006 2193 aestivosque
1018 2127 1123 2181 metas

99 2216 166 2275 ses,
181 2199 336 2258 coniunxit.
363 2197 437 2258 Iuris
458 2197 612 2257 dictionem
628 2197 663 2256 de
682 2196 748 2257 iudei
764 2198 938 2274 commissis,
961 2207 1031 2276 quot
1047 2215 1092 2258 an

22 2342 27 2348 ,
98 2283 143 2341 nis
160 2291 188 2342 et
204 2291 309 2342 tantum
324 2285 353 2342 in
368 2282 440 2342 urbe
457 2282 586 2360 delegari
603 2281 817 2360 magistratibus
833 2280 963 2358 solitam,
985 2283 1013 2341 in
1029 2301 1093 2362 per-

31 2391 36 2438 r
100 2376 215 2446 petuum
229 2376 315 2447 atque
336 2369 420 2427 etiam
442 2385 495 2446 per
513 2368 677 2446 provincias
695 2364 886 2445 potestatibus
904 2366 1092 2428 demandavit.
1106 2382 1165 2426 nac

26 2454 36 2504 t
61 2464 89 2504 2⁵
100 2448 195 2530 Capiti
209 2451 315 2530 Papiae
331 2451 488 2531 Poppaeae
503 2451 579 2528 legis
596 2450 739 2511 a'l'iberio
754 2448 895 2527 Caesare,
914 2453 995 2530 quasi
1010 2470 1092 2511 sexa·

98 2536 210 2612 genarii
231 2553 376 2612 generare
396 2555 453 2596 non
469 2545 603 2614 possent,
633 2535 729 2595 addito
748 2535 912 2612 obrogarit.
949 2535 1050 2596 Sanxit
1064 2545 1093 2594 ut

98 2618 215 2699 pupillis
232 2629 313 2679 extra
330 2620 459 2680 ordinem
474 2629 584 2680 tutores
602 2639 618 2680 a
642 2619 808 2680 consulibus
834 2619 985 2698 darentur,
1005 2631 1092 2699 utque
1136 2623 1160 2646 ’“

1 2710 6 2723 ’
99 2705 134 2779 ii,
161 2703 262 2783 quibus
285 2704 531 2782 amagistratibus
548 2705 716 2784 provinciae
736 2704 992 2782 interdicerentur,
1020 2704 1092 2764 urbe

98 2804 213 2866 quoque
224 2797 253 2848 et
268 2788 349 2849 ltalia
364 2797 618 2849 summoverentur.
634 2789 702 2867 lpse
715 2787 853 2867 quosdam
865 2806 941 2849 novo
956 2787 1091 2867 exemplo

61 2887 87 2927 ao
99 2872 255 2950 relegavit,
271 2883 302 2932 ut
314 2874 388 2934 nitra
405 2873 531 2953 lapidem
547 2875 659 2932 tertium
675 2882 788 2933 vetaret
802 2872 903 2951 egredi
917 2872 951 2932 ab
967 2871 1049 2931 urbe.

158 2955 203 3017 De
217 2959 325 3018 maiore
340 2960 460 3036 negotio
479 2968 594 3018 acturus
609 2959 637 3018 in
654 2959 748 3034 curia,
769 2957 879 3018 medius
894 2959 969 3016 inter
990 2973 1091 3016 consu·

95 3039 153 3100 ium
170 3041 258 3101 sellas
273 3041 584 3132 tribuniciopsubseilio
604 3041 734 3102 sedebat.
764 3031 976 3128 Gommeatusa
993 3049 1093 3100 senatu

95 3127 156 3204 peti
175 3126 278 3186 solitos
299 3125 424 3186 benefici
445 3128 488 3187 sui
511 3128 591 3186 iecit.
624 3126 796 3187 ornamenta
819 3124 985 3208 consularia
1008 3127 1134 3192 etiamad

94 3210 333 3288 procuratoribus
348 3210 509 3280 ducenariis
526 3210 650 3271 indulsit.
673 3198 1032 3288 Senatoriamtbiguitatem
1047 3227 1091 3268 re·

60 3293 261 3354 recusantibus
278 3304 442 3374 equestrem
457 3312 573 3374 quoque
590 3295 715 3373 ademit..
732 3294 830 3355 Latum
846 3294 973 3372 clauum,
996 3311 1092 3373 quarn·

1 3409 2 3428 r
94 3379 148 3438 ris'
158 3379 239 3438 initio
254 3379 426 3439 affirmasset
437 3397 494 3440 non
510 3380 651 3440 lecturum
662 3398 695 3438 se
710 3389 874 3440 senatorem
895 3379 949 3439 nisi
970 3378 1042 3440 civis
1055 3377 1091 3438 R.

94 3461 287 3543 abnepotem,
303 3467 387 3524 etiarn
403 3463 529 3524 libertini
545 3464 605 3524 tilio
622 3463 734 3543 tribuit,
751 3464 802 3524 sed
818 3464 870 3525 sub
888 3464 1052 3526 conditione
1068 3462 1092 3521 si

1 3568 5 3572 ¹·
18 3541 31 3553 ''
94 3548 174 3628 prius
192 3548 227 3608 ab
244 3550 340 3630 equite
355 3549 390 3610 tt.
407 3547 558 3629 adoptatus
574 3558 669 3619 esset;
692 3568 727 3611 ac
743 3550 786 3611 sic
802 3567 917 3631 quoque
933 3547 1090 3630 reprehen-
