2468 3912
214 230 236 281 c
270 283 274 292 ,
542 233 749 281 possessum.

211 399 244 452 31
268 393 405 448 mouimus
422 383 428 472 Ι
444 393 500 466 filio
523 397 654 464 parentes
674 398 787 463 coquato
805 384 812 472 Ι
830 398 864 452 31
890 399 916 448 et
934 393 1067 450 lubricum
1102 395 1107 453 Ι

212 482 247 536 33
260 475 393 532 lubricum
409 477 483 548 quod

273 565 339 632 316,
361 568 376 619 1
402 561 515 616 alterius
533 565 563 615 ut
583 561 676 615 melice
696 565 837 615 oleosum
857 560 988 616 miserari
1002 567 1103 617 tantun

213 643 342 714 affectum
355 645 467 699 insontis
480 645 597 699 amicitia
615 641 620 715 Ι
638 651 655 702 1
666 642 781 700 mutilati
793 660 891 700 versus
902 645 988 716 Verg.
1003 646 1107 717 Georg.

214 735 237 790 1.
253 732 304 786 466
319 732 392 786 0141
417 725 424 798 Ι
446 735 464 789 3
477 743 547 800 opus
559 730 585 783 si
596 731 681 798 ipsius
698 720 704 807 Ι
723 735 739 786 5
757 726 856 799 sutura
866 730 1002 800 prospicit
1015 728 1105 784 lsido·

213 811 297 866 dorus
317 811 431 868 Arevali
455 807 461 890 Ι
485 817 519 871 11
538 826 623 883 opera
648 805 654 890 Ι
677 820 710 872 15
724 812 818 866 alterio
842 801 848 890 Ι
875 817 906 872 19
921 804 1105 891 quantitatis!

212 900 245 953 11
262 893 394 950 bominem
408 896 515 967 quidem
533 888 538 972 Ι
557 901 591 956 13
612 897 697 950 noctis
715 900 745 951 ut
759 896 877 950 interdiu
892 896 945 949 diei
958 894 1079 952 Bondom
1098 899 1104 962 Ι

211 983 245 1036 15
270 981 387 1035 omnium
410 981 536 1035 noticiam
555 972 560 1058 Ι
578 985 612 1040 15
636 981 733 1052 aliquis
750 979 801 1033 scit
842 984 876 1038 19
891 976 1026 1051 Nefarius
1050 984 1076 1034 et
1098 972 1104 1056 Ι

210 1065 245 1121 34
266 1067 292 1117 et
309 1063 378 1118 oliva
397 1068 424 1118 et
444 1064 524 1120 olium
544 1069 570 1118 et
588 1060 658 1120 oot'a
684 1061 796 1135 fructus
837 1069 871 1122 35
893 1064 1014 1118 olivetum
1034 1063 1106 1118 unde

209 1145 305 1201 alivum
322 1147 450 1218 liquorem
463 1148 604 1220 appellant
611 1151 643 1202 ut
654 1152 831 1218 querquetum
839 1151 995 1219 prymetum.
1012 1161 1104 1203 oerum

271 1235 339 1300 317,
369 1237 387 1291 3
414 1237 494 1287 onata
518 1237 567 1286 out
586 1245 671 1301 super
689 1244 805 1302 aequum
831 1223 836 1308 Ι
860 1234 876 1290 7
905 1246 988 1303 quarn
1010 1232 1067 1286 oris
1097 1221 1103 1308 Ι

209 1320 227 1375 8
250 1317 385 1386 precatur
405 1322 453 1370 aut
470 1307 475 1394 Ι
500 1320 534 1374 14
551 1316 623 1372 oculi
638 1312 644 1389 Ι
663 1322 695 1375 15
712 1315 847 1370 interdum
866 1313 992 1369 tenebrae
1009 1330 1068 1368 uox
1097 1319 1103 1383 Ι

209 1404 243 1459 16
257 1397 418 1469 corporibus
431 1400 460 1454 iu
475 1400 549 1455 caelo
559 1400 725 1470 conspicitur
736 1408 766 1454 ut
780 1405 895 1454 comeete
912 1389 919 1476 Ι
938 1403 969 1457 17
987 1400 1103 1470 coquito.

210 1483 332 1537 tortasse
342 1483 450 1538 modum
463 1489 581 1539 naturae
595 1483 717 1555 coquitoe
734 1475 740 1560 Ι
759 1484 897 1555 epreditur
912 1497 1027 1553 serpeus
1041 1497 1103 1537 eum

205 1565 322 1637 pedibus
342 1570 390 1620 aut
408 1581 469 1621 cum
487 1559 493 1641 Ι
511 1573 546 1626 13
565 1581 685 1637 peccora
712 1565 756 1622 bis
775 1561 780 1642 Ι
804 1573 838 1627 19
859 1581 927 1622 uasa
953 1565 1030 1623 Hand
1050 1581 1103 1638 pro

210 1648 307 1704 baalia.
349 1647 407 1704 Alii
426 1649 492 1706 libri
514 1666 601 1722 naqa,
619 1666 720 1716 uacua,
740 1652 817 1723 airqo
832 1651 935 1707 habent
953 1641 958 1728 Ι
976 1658 1011 1710 30
1024 1666 1099 1704 oma-

209 1734 262 1788 teta
282 1725 286 1809 Ι
305 1739 338 1792 35
352 1732 477 1788 dominus
488 1735 624 1806 proprius
644 1740 684 1789 est
704 1735 777 1790 loeus
796 1727 802 1814 Ι
819 1741 852 1795 37
866 1721 999 1804 spica'tur.

268 1821 370 1886 313,1
390 1816 487 1872 dubiae
507 1819 550 1872 rei
563 1820 698 1889 prospicit
717 1818 831 1890 sorbenti
853 1820 986 1889 spicatur.
1029 1817 1101 1872 Pro-

209 1899 312 1957 biberet
328 1896 333 1977 Ι
351 1905 467 1972 4porro
482 1901 574 1958 iubere
592 1893 598 1980 Ι
615 1908 633 1962 8
648 1902 767 1958 fortasse
782 1903 922 1957 obesorum
935 1901 1072 1956 bominum
1096 1891 1101 1978 Ι

209 1992 243 2043 11
262 1992 288 2041 et
311 1987 404 2058 reqale
422 1978 427 2062 Ι
446 1990 480 2044 14
502 1986 680 2058 relinquimur
697 1979 703 2064 Ι
722 1991 756 2045 16
780 1987 892 2041 (liumus
911 1986 969 2040 olea
991 1983 1103 2056 fructus

135 2109 137 2116 ,
208 2076 248 2124 est
260 2069 330 2126 oliuo
345 2069 430 2124 arbor
443 2070 583 2126 multitudo
597 2070 694 2125 elicitur
709 2071 830 2140 relictos,
847 2069 899 2124 alr.
914 2086 941 2142 p.
957 2074 1027 2139 316,
1042 2073 1078 2128 34
1094 2059 1099 2145 Ι

207 2159 241 2214 13
257 2152 414 2210 Recidiaum
433 2159 459 2208 et
473 2153 632 2211 Rediuiuum
657 2152 722 2210 olim
744 2152 796 2208 luit
813 2144 819 2231 Ι
837 2170 853 2210 a
873 2154 957 2208 literis
998 2158 1033 2210 10
1054 2151 1100 2206 de·

206 2235 316 2307 fruetis.
335 2237 497 2293 Addcodom
504 2245 629 2308 paratur
647 2228 653 2315 Ι
671 2242 704 2296 17
710 2250 806 2291 seruus
821 2243 847 2292 ct
861 2239 955 2307 iasper
998 2241 1101 2295 19306-

208 2320 311 2375 leratus
324 2325 413 2376 autem
428 2328 469 2375 est
480 2336 530 2376 suo
549 2311 555 2399 Ι
577 2328 609 2382 31
626 2320 738 2393 infamis
752 2326 841 2376 autem
857 2334 974 2375 sacrum.

271 2409 366 2471 319,1
383 2404 544 2459 dissimilare
562 2403 567 2482 Ι
586 2405 774 2459 dissimilamns
792 2395 798 2482 Ι
815 2403 990 2464 lerultorem
1009 2394 1014 2481 Ι
1032 2408 1103 2463 sest

207 2501 238 2542 eo
255 2487 328 2558 quod
343 2479 349 2564 Ι
368 2491 402 2545 14
415 2489 458 2542 ine
477 2489 573 2543 ceteris
591 2485 595 2564 Ι
616 2496 647 2547 15
662 2489 780 2559 inopiam
796 2489 938 2543 multorum
954 2488 984 2543 itl
1000 2480 1005 2564 Ι
1025 2492 1058 2546 16
1072 2488 1100 2542 in

206 2582 303 2625 sensus
321 2562 326 2646 Ι
346 2575 378 2630 19
393 2570 573 2626 substractum
596 2563 602 2650 Ι
625 2573 762 2627 immineat
780 2564 785 2650 Ι
803 2577 838 2630 1ο
855 2573 945 2627 simitu
962 2569 1099 2628 Arcisius

207 2669 259 2726 pro
275 2653 408 2708 similitum
427 2646 433 2730 Ι
451 2660 483 2712 11
500 2656 634 2710 similitum
650 2656 702 2711 loci
718 2647 724 2734 Ι
742 2661 776 2713 11
791 2661 929 2729 tamquam
942 2656 1076 2710 simillium
1093 2645 1098 2729 Ι

207 2742 242 2796 14
253 2742 418 2792 monstrator
428 2740 567 2810 sanquinis
586 2732 590 2815 Ι
608 2745 642 2799 15
653 2741 701 2811 qui
707 2740 780 2812 quod
790 2738 853 2794 dicit
869 2731 875 2818 Ι
893 2745 927 2799 19
938 2740 1078 2796 voluntatis
1093 2739 1099 2803 Ι

207 2829 241 2882 30
253 2825 363 2896 terpora
376 2821 537 2877 -bominis
556 2822 655 2879 obsunt
669 2823 704 2880 ab
721 2824 882 2896 apographo
899 2821 1077 2879 Dilbneriaoo
1093 2811 1098 2896 Ι

206 2911 239 2965 31
255 2908 281 2960 et
293 2910 370 2976 terqa
386 2907 512 2960 animalis
531 2898 536 2983 Ι
554 2912 588 2966 33
600 2907 667 2963 Tum
685 2912 711 2962 ct
720 2912 775 2966 tur.
792 2913 848 2962 tum
861 2907 963 2962 ordinis
976 2902 1064 2978 siquis
1071 2897 1098 2959 'a'

206 2989 334 3060 temporis
352 2980 357 3066 Ι
375 2993 408 3049 37
424 2987 500 3045 anb'
514 2992 671 3061 accipimus.

268 3078 336 3143 310,
350 3079 367 3133 6
381 3073 465 3128 vades
480 3075 528 3146 qni
541 3089 590 3130 aas
604 3077 692 3146 ipsum
704 3081 752 3130 aut
764 3076 831 3130 aliut
848 3066 853 3152 Ι
870 3072 1019 3143 spraedes
1032 3073 1081 3143 qui
1092 3073 1097 3148 Ι

199 3158 345 3229 praesenti
357 3157 394 3213 du
408 3158 515 3212 elidem
531 3158 579 3213 dat
595 3157 600 3229 Ι
621 3164 653 3215 11
670 3157 788 3214 umidum
802 3162 917 3229 ponitur
930 3154 1061 3227 infectum
1074 3163 1099 3211 et

204 3242 341 3297 madidum
361 3233 366 3317 Ι
387 3247 419 3299 13
441 3258 458 3295 a
483 3241 599 3296 medium
618 3233 623 3318 Ι
643 3246 674 3302 17
702 3243 749 3299 Vis
769 3243 841 3299 uires
859 3233 864 3320 Ι
882 3247 915 3300 11
938 3239 1057 3296 Verecor
1074 3253 1099 3294 ei

204 3337 348 3381 reoerccor
369 3324 412 3379 bis
431 3319 437 3400 Ι
455 3329 490 3385 13
505 3327 593 3397 plaqa
611 3319 617 3404 Ι
634 3327 701 3381 crciit
717 3324 722 3394 Ι
741 3331 774 3386 15
788 3326 875 3397 plaqa
892 3315 899 3403 Ι
916 3329 949 3383 17
970 3321 1097 3394 Volupta-

203 3411 307 3558 temdqq
316 3409 495 3478 aolupitatem.
517 3410 646 3465 volumtas
663 3401 671 3487 Ι
688 3415 722 3468 3ο
738 3410 810 3482 quod
829 3407 969 3464 uirtutibus
986 3407 1071 3462 modis
1090 3397 1096 3471 Ι

203 3495 237 3550 31
269 3490 281 3544 i
302 3497 387 3547 eriur.

1213 2279 1224 2344 1
