2434 3908
484 244 691 293 PRAEFATIO.
994 246 1033 293 xl

188 398 221 477 2)
237 403 375 477 praefatio
387 405 421 460 od
433 403 463 462 0.
477 403 629 477 Septicium
640 404 751 460 Clarum
762 404 934 478 praefectum
948 420 1032 476 prae·

88 517 92 528 ·
127 486 200 544 torio
218 488 265 545 vel
285 488 455 560 praefectum
474 487 713 561 praetorianarum
733 488 904 557 cohortium,
916 489 955 554 fin
976 505 1031 561 qna

125 571 163 628 de
176 570 300 628 oonsilio
314 587 365 628 suo
380 572 546 644 scriptorem
562 571 693 627 docuisse
712 570 841 645 suspicor
855 588 927 648 qnae
941 572 1031 628 lecto-

126 671 186 712 rum
203 654 278 712 seire
293 655 434 712 intererat.

188 734 227 832 3)
188 737 398 800 scaenarum
428 739 534 810 gentile
559 745 687 810 stemma,
716 733 827 813 στέμμα
856 750 1031 815 συγγενικον

125 811 287 893 Καισαριιν
304 820 360 896 (uti
375 822 508 896 scriptum
524 821 612 878 inisse
629 823 789 898 iudicavip
806 829 874 894 283,
894 830 912 884 8
927 830 956 880 et
968 829 1030 895 287,

124 913 160 966 26
176 908 221 964 rei
238 925 253 963 a
270 907 356 963 Suidn
369 907 414 963 vel
430 905 534 962 Suidae
549 903 690 982 auctore).
732 907 894 963 Desiderari
913 907 1030 965 alecto

124 990 207 1047 ribus
231 991 314 1048 talem
338 990 451 1062 generis
476 988 625 1062 Caesarum
650 991 881 1064 descriptionem,
903 990 1031 1062 vulgaria

125 1075 255 1147 exempla
278 1073 404 1131 Suetonii
426 1069 591 1131 documento
616 1080 679 1130 sunt
704 1074 858 1131 eiusmodi
880 1075 1030 1132 stemmatis

127 1164 272 1216 instructa.
316 1157 412 1229 Neque
430 1158 578 1229 ignorasse
593 1164 706 1214 veteres
720 1158 749 1214 id
767 1158 930 1229 artidcium,
949 1157 1032 1226 testis¹

128 1248 173 1300 est
186 1241 362 1314 Tranquillus
377 1241 481 1314 ipse'p.
499 1248 562 1304 188,
579 1247 604 1301 8.

188 1321 220 1400 4)
237 1325 311 1382 Libri
322 1325 415 1398 primi,
432 1315 612 1398 qui'deltivo
623 1325 695 1381 luiio
711 1330 764 1396 est,
779 1323 895 1380 initium.
927 1323 1031 1380 Neces-

129 1410 206 1467 sario
222 1410 295 1465 euim
313 1408 505 1480 Trunqniiius,
527 1424 608 1481 qoem
628 1410 662 1466 ad
681 1409 789 1465 modum
810 1407 838 1463 iu
856 1407 973 1479 reliquis
987 1407 1031 1464 vi-

129 1493 166 1550 tis
188 1493 283 1549 iacere
306 1487 466 1562 cousuevit,
489 1493 524 1548 de
547 1492 634 1548 iuliae
654 1492 775 1548 familiae
798 1492 908 1563 origine
923 1490 1031 1548 Albana

14 1647 15 1654 ἵ
128 1593 163 1634 ac
182 1576 301 1632 Troiano
327 1575 506 1647 eiusdemque
530 1576 725 1646 incrementis,
752 1582 807 1631 tum
827 1576 861 1648 de
883 1575 1032 1632 caesarum

128 1659 240 1716 nomine
262 1665 291 1714 et
314 1675 434 1730 genere,
458 1666 600 1732 postremo
623 1661 658 1716 de
683 1659 773 1733 ipsius
800 1659 862 1715 Divi
882 1659 945 1715 lolii
968 1664 1031 1716 ortu

129 1744 294 1813 futuraeque
310 1743 505 1813 magnitudinis
525 1743 630 1815 signis,
644 1745 679 1800 de
694 1743 796 1816 puerili
812 1742 986 1799 institutione
1003 1746 1032 1798 et

129 1824 271 1894 magistris
288 1832 465 1898 exposuerat.
497 1827 563 1883 iude
580 1843 731 1899 superesse
746 1826 869 1883 arbitror
883 1821 1031 1882 frustulum

130 1926 158 1981 p.
174 1912 236 1978 286,
251 1914 268 1968 9
281 1909 412 1979 relatum,
435 1910 508 1980 quod
522 1901 669 1982 perperam
684 1909 875 1966 Broulrhusius
891 1926 968 1982 exp.
985 1913 1030 1980 79,

130 1985 176 2062 35',
190 1990 369 2048 Caecubouns
391 1993 461 2048 udeo
484 2009 519 2048 ex
541 2009 569 2064 p.
585 1999 653 2063 226,
672 1998 796 2053 31-33
811 1993 965 2060 derivatum
978 2008 1029 2049 vo-

128 2076 227 2131 luerat
261 2076 301 2131 De
317 2074 464 2130 Caesarum
478 2075 588 2131 nomine
602 2076 764 2149 Spartianus
778 2091 888 2147 qnoque
904 2073 1031 2132 indictio

127 2160 205 2215 Vero
221 2175 283 2232 cep.
298 2165 316 2216 2
333 2164 361 2213 et
377 2156 492 2213 Servius
510 2158 545 2214 nd
559 2159 645 2230 Verg.
662 2159 733 2214 den.
751 2165 784 2228 1,
799 2163 851 2218 286
871 2158 1031 2229 Tranquillo

128 2249 244 2299 auctore
260 2242 303 2300 usi
319 2258 383 2298 esso
398 2241 547 2300 videntur.-
579 2242 620 2297 lie
635 2241 771 2312 magistro
789 2241 850 2313 ipse
865 2241 1032 2297 mentionem

129 2326 239 2398 iecitp.
256 2331 381 2396 260,15

189 2409 286 2467 Omnia
305 2411 384 2465 haec
396 2426 467 2480 qnae
488 2409 571 2466 modo
592 2409 811 2466 enumeravimus
833 2407 1030 2481 complectenti

130 2492 214 2549 iucile
225 2493 366 2550 videbitur
379 2493 489 2563 integer
507 2494 653 2564 quaternio
667 2492 849 2565 deperisse'
825 2510 885 2549 erus
900 2491 1031 2565 exempli,
1050 2533 1053 2540 .

101 2619 104 2626 .
130 2577 203 2632 unde
218 2583 312 2633 nostra
327 2576 417 2632 omniu
429 2583 584 2649 propagata
600 2583 672 2633 sunt.
701 2577 784 2632 Facto
801 2593 864 2633 esse
880 2576 1031 2632 coiectura

129 2660 214 2716 debet
229 2667 294 2733 post
308 2661 410 2730 Lydum
425 2660 471 2730 qni
489 2661 603 2718 saeculo
617 2661 653 2716 Vl
669 2661 760 2716 medio
775 2660 906 2733 scripsit,
924 2665 952 2714 et
967 2665 1031 2715 ante

130 2741 168 2798 IX
183 2744 390 2815 saeculumque
407 2744 582 2800 dommianus
604 2745 677 2801 liber
697 2744 818 2815 scriptus
834 2750 894 2814 est,
914 2742 1032 2798 omnium

130 2831 168 2881 ut
176 2826 371 2897 integerrimus
392 2827 430 2883 ito
454 2834 482 2883 et
503 2828 723 2898 vetustissimus,
742 2828 793 2883 sed
814 2827 906 2899 capite
922 2832 950 2882 ct
969 2825 1031 2897 ipse

129 2915 271 2966 truncatus
288 2916 316 2966 et
336 2918 471 2990 tamqnam
488 2928 534 2967 res
555 2913 631 2967 saiva
654 2917 746 2980 esset,
765 2910 916 2966 maiuscula
937 2909 1031 2964 littera

92 3015 95 3024 ·
131 2991 232 3064 initiali
247 2999 276 3048 et
288 2994 429 3050 versicuio
444 2995 586 3051 rubricato
602 3001 726 3050 ornatus

190 3076 494 3134 DistribuitSuetonios
506 3093 577 3149 opus
589 3077 780 3135 decaesarum
790 3077 847 3132 vita
863 3076 896 3130 in
912 3043 1074 3131 litoroso·
1038 3080 1180 3173 111010ῑῆῗῖ

88 3185 91 3190 ·
125 3166 230 3225 .οοῑο;
253 3168 330 3218 certe
344 3162 419 3218 uuila
434 3161 544 3224 videtur
561 3177 625 3217 csse
639 3161 740 3217 rdouea
758 3157 858 3229 cuneo,
877 3175 926 3216 cur
940 3131 1109 3215 veter1¹⁵¹⁰⁸

131 3244 290 3301 testimonio
313 3262 339 3318 p.
355 3250 424 3314 283,
446 3244 558 3305 eudem
574 3245 751 3316 derogemus.
794 3243 937 3298 Librorum
958 3241 1032 3298 euinr

131 3326 362 3385 Suetonianorum
381 3327 466 3385 hao
458 3344 486 3384 ru
510 3344 541 3383 re
562 3327 636 3382 nuile
662 3326 813 3384 auctoritas
838 3342 902 3382 esse
926 3331 1030 3398 potest,

130 3417 278 3482 postquam
291 3413 371 3469 titulo
389 3428 441 3469 una
458 3428 519 3467 cnm
533 3410 672 3484 principio
693 3409 788 3484 operis
803 3408 974 3481 deperdito'
967 3424 1029 3480 rpsa

130 3507 241 3567 quoque
265 3495 418 3570 descriptio
440 3493 585 3552 obscurari
601 3498 700 3568 'coepta
718 3501 770 3549 est.
812 3493 907 3563 itaque
929 3491 1030 3547 fuctum
