2466 3896
153 205 212 264 146
244 215 274 263 c.
288 214 437 263 sunuoru
454 215 580 276 ranno.
595 215 642 262 on
657 216 740 263 vura
756 215 939 265 cansarum
954 218 1021 264 nm.
1035 217 1099 266 1111.

151 371 285 435 auxilium
300 379 536 447 accucurrerunt,
564 389 632 431 mox
647 371 779 433 Germani
796 373 928 451 corporis
942 371 1088 449 custodes,
1112 390 1147 432 ac
1214 401 1215 476 p

150 455 303 517 nonnullos
331 473 369 515 ex
394 455 631 536 percussoribus,
659 456 796 536 quosdam
824 459 908 517 etiam
935 465 1086 517 senatores
1106 457 1146 517 in·

150 541 253 600 noxios
269 541 484 600 interemerunt.

107 635 141 690 59
212 625 292 682 Vixit
308 625 504 702 annisviginti
522 640 643 701 novem,
676 626 828 704 imperarit
848 627 970 686 triennio
997 634 1026 685 et
1044 624 1147 686 decem
1207 648 1215 670 a

149 707 295 768 mensibus
317 708 474 788 diebusque
493 717 571 769 octo.
616 706 747 770 Cadaver
762 711 823 770 eius
840 709 913 770 clam
931 713 959 770 in
975 710 1076 770 hortos
1094 709 1169 770 Lar-s

148 794 259 852 mianos
277 802 469 872 asportatum,
501 801 530 853 et
551 793 732 854 tumultuario
748 811 823 873 rogo
844 795 1073 855 semiambustum
1089 793 1147 854 levi

151 879 280 957 caespite
298 877 429 937 obrutum
445 887 505 952 est,
531 885 633 956 postea
648 895 701 957 per
716 895 835 938 sorores
851 879 886 938 ab
903 879 991 940 exilio
1012 897 1147 938 reversas

150 971 259 1023 emtum
274 971 304 1022 et
319 970 474 1022 crematum
487 961 696 1042 sepultumque.
729 963 805 1022 Satis
827 972 950 1041 constat,
968 965 1047 1043 prius
1064 981 1147 1042 quam
1214 1007 1215 1014 κ

149 1046 177 1107 id
199 1047 282 1107 fieret
298 1046 446 1107 hortorum
465 1045 602 1106 custodes
623 1045 729 1106 umbris
751 1048 937 1126 inquietatos;
969 1049 997 1106 in
1020 1067 1054 1108 ea
1076 1066 1146 1127 quo·

149 1150 204 1212 que
227 1130 331 1208 domo,
362 1133 467 1210 inqua
490 1131 674 1208 occubuerit,
702 1130 807 1190 nullam
825 1141 940 1192 noctem
965 1134 1026 1192 sinc
1048 1131 1143 1211 aliquo
1156 1145 1179 1185 tt

147 1226 261 1277 terrore
284 1223 474 1292 transactam,
502 1214 595 1275 donec
618 1217 681 1294 ipsa
700 1213 800 1274 domus
821 1216 954 1277 incendio
978 1226 1146 1296 consumpta
1214 1211 1215 1258 t

148 1303 194 1360 sit.
238 1299 317 1360 Perit
339 1319 395 1361 una
420 1308 449 1359 et
475 1317 547 1359 uxor
563 1297 705 1360 Caesonia
728 1298 825 1377 gladio
848 1318 864 1360 a
888 1301 1068 1362 centurione·
1078 1317 1145 1360 con-

148 1386 244 1460 fossa,
267 1393 295 1444 et
311 1384 369 1446 filia
383 1385 485 1464 parieti
500 1385 593 1444 inlisa.
1214 1435 1215 1446 2

47 1474 50 1480 '
106 1476 140 1530 60
210 1466 411 1528 Conditionem
426 1477 586 1548 temporum
600 1469 715 1529 illorum
729 1469 813 1528 etiam
833 1487 887 1548 per
906 1468 980 1530 baec
994 1471 1145 1531 aestimare

148 1555 240 1632 quivis
256 1555 358 1632 possit.
391 1551 464 1614 Nam
478 1571 574 1632 nequo
589 1552 679 1613 caede
694 1551 809 1632 vulgata
826 1553 919 1612 statim
936 1553 1072 1614 creditum
1087 1562 1142 1630 est,
1155 1571 1178 1610 m

147 1638 257 1715 fuitque
285 1637 422 1716 suspitio,
453 1637 487 1696 ab
510 1639 575 1716 ipso
598 1636 668 1698 Caio
690 1638 792 1697 famam
813 1636 911 1697 caedis
937 1637 1097 1698 simulatam
1115 1647 1145 1697 ct
1214 1663 1215 1666 ¹

149 1722 297 1799 emissam,
328 1730 358 1780 ut
380 1738 416 1780 eo
440 1730 526 1800 pacto
541 1720 685 1781 hominum
705 1740 777 1799 erga
797 1739 829 1780 se
853 1729 963 1782 mentes
986 1722 1143 1802 depreben-
1214 1739 1215 1746 ¹

148 1805 244 1875 deret;
275 1823 369 1884 neque
385 1806 525 1865 coniurati
548 1807 678 1883 cuiquam
695 1807 843 1886 imperium
863 1805 1091 1876 destinaverunt;
1115 1815 1144 1865 et
1214 1803 1215 1824 ¹

148 1898 264 1950 senatus
280 1891 308 1950 in
334 1889 490 1950 asserenda
511 1889 645 1950 libertate
667 1889 740 1950 adeo
761 1891 924 1968 consensit,
957 1901 987 1950 nt
1009 1891 1144 1951 consules

149 1975 241 2054 primo
265 1993 322 2034 non
344 1975 372 2033 in
390 1977 510 2050 curiam,
542 1975 608 2052 quia
633 1973 704 2034 Iulia
732 1974 907 2053 vocabatur,
938 1975 1036 2036 sedin
1058 1972 1179 2054 Capi-to
1214 1999 1215 2020 2

148 2059 246 2119 tolium
263 2061 463 2136 convocarint,
491 2057 604 2137 quidam
621 2077 691 2118 vero
711 2059 870 2118 sententiae
887 2058 954 2119 loco
973 2057 1145 2119 abolendam

149 2141 302 2204 Caesarum
318 2145 483 2204 memoriam
499 2160 534 2202 ac
554 2142 691 2204 diruenda
706 2143 813 2222 templa
830 2145 1002 2204 censuerint.
1037 2143 1144 2203 Obser-

148 2237 242 2288 vatum
271 2237 364 2288 antem
392 2236 574 2307 notatumque
593 2235 637 2286 est
665 2228 693 2286 in
718 2227 831 2306 primis,
864 2225 1007 2288 Caesares
1031 2244 1144 2304 omnes,
1203 2233 1215 2303 j

148 2311 250 2390 quibus
275 2311 324 2372 Cai
350 2330 525 2391 praenomen
550 2311 651 2388 suerit,
675 2311 754 2370 ierro
782 2311 912 2390 perisse,
943 2313 999 2372 iam
1019 2309 1085 2372 indc
1107 2309 1144 2372 ab
1208 2306 1215 2336 “

147 2411 201 2468 eo,
231 2397 277 2474 qui
297 2394 431 2456 Cinnanis
445 2394 623 2474 temporibus
637 2396 673 2455 sit
687 2396 812 2455 occisus.
