<?xml version="1.0" encoding="UTF-8"?>
<!DOCTYPE html PUBLIC "-//W3C//DTD XHTML 1.0 Transitional//EN"
    "http://www.w3.org/TR/xhtml1/DTD/xhtml1-transitional.dtd">
<html xmlns="http://www.w3.org/1999/xhtml" xml:lang="en" lang="en">
 <head>
  <title>
</title>
<meta http-equiv="Content-Type" content="text/html;charset=utf-8" />
  <meta name='ocr-system' content='tesseract 3.04.00' />
  <meta name='ocr-capabilities' content='ocr_page ocr_carea ocr_par ocr_line ocrx_word'/>
</head>
<body>
  <div class='ocr_page' id='page_1' title='image "./csuetonitranqui00suetgoog_0352.png"; bbox 0 0 2450 3910; ppageno 0'>
   <div class='ocr_carea' id='block_1_1' title="bbox 429 272 1147 349">
    <p class='ocr_par' dir='ltr' id='par_1_1' title="bbox 397 272 1147 349">
     <span class='ocr_line' id='line_1_1' title="bbox 429 272 1147 349; baseline 0.001 -16.957"><span class='ocrx_word' id='word_1_1' title='bbox 401 324 438 337; x_wconf 59' lang='lat'><strong>.„</strong></span> <span class='ocrx_word' id='word_1_2' title='bbox 502 285 764 343; x_wconf 39' lang='lat' dir='ltr'><strong>orassemus,</strong></span> <span class='ocrx_word' id='word_1_3' title='bbox 1058 272 1120 335; x_wconf 82' lang='lat'><strong>237</strong></span> <span class='ocrx_word' id='word_1_4' title='bbox 1145 344 1147 349; x_wconf 42' lang='grc'><strong>,</strong></span> 
     </span>
    </p>
   </div>
   <div class='ocr_carea' id='block_1_2' title="bbox 14 439 1197 3636">
    <p class='ocr_par' dir='ltr' id='par_1_2' title="bbox 136 439 1141 606">
     <span class='ocr_line' id='line_1_2' title="bbox 136 439 1120 519; baseline -0.004 -16"><span class='ocrx_word' id='word_1_5' title='bbox 136 451 290 503; x_wconf 87' lang='lat' dir='ltr'><strong>statuarum</strong></span> <span class='ocrx_word' id='word_1_6' title='bbox 305 450 333 501; x_wconf 91' lang='lat' dir='ltr'><strong>et</strong></span> <span class='ocrx_word' id='word_1_7' title='bbox 347 439 499 516; x_wconf 72' lang='lat' dir='ltr'><strong>imaginum</strong></span> <span class='ocrx_word' id='word_1_8' title='bbox 514 441 576 500; x_wconf 92' lang='lat' dir='ltr'><strong>eius</strong></span> <span class='ocrx_word' id='word_1_9' title='bbox 589 440 765 501; x_wconf 90' lang='lat' dir='ltr'><strong>multitudine</strong></span> <span class='ocrx_word' id='word_1_10' title='bbox 781 459 816 502; x_wconf 89' lang='lat' dir='ltr'><strong>ac</strong></span> <span class='ocrx_word' id='word_1_11' title='bbox 834 441 921 501; x_wconf 90' lang='lat' dir='ltr'><strong>titulis</strong></span> <span class='ocrx_word' id='word_1_12' title='bbox 943 457 996 519; x_wconf 91' lang='lat' dir='ltr'><strong>per</strong></span> <span class='ocrx_word' id='word_1_13' title='bbox 1017 447 1120 500; x_wconf 90' lang='lat' dir='ltr'><strong>utram·</strong></span> 
     </span>
     <span class='ocr_line' id='line_1_3' title="bbox 138 525 1141 606; baseline -0.002 -20"><span class='ocrx_word' id='word_1_14' title='bbox 138 543 192 606; x_wconf 89' lang='lat' dir='ltr'><strong>que</strong></span> <span class='ocrx_word' id='word_1_15' title='bbox 207 525 394 605; x_wconf 84' lang='lat' dir='ltr'><strong>provinciam.</strong></span> <span class='ocrx_word' id='word_1_16' title='bbox 1140 561 1141 566; x_wconf 22' lang='grc' dir='ltr'><strong><em>κ</em></strong></span> 
     </span>
    </p>

    <p class='ocr_par' dir='ltr' id='par_1_3' title="bbox 196 607 1197 688">
     <span class='ocr_line' id='line_1_4' title="bbox 196 607 1197 688; baseline -0.004 -17"><span class='ocrx_word' id='word_1_17' title='bbox 196 610 267 671; x_wconf 89' lang='lat' dir='ltr'><strong>Post</strong></span> <span class='ocrx_word' id='word_1_18' title='bbox 282 607 423 688; x_wconf 90' lang='lat' dir='ltr'><strong>stipendia</strong></span> <span class='ocrx_word' id='word_1_19' title='bbox 438 607 504 668; x_wconf 91' lang='lat' dir='ltr'><strong>loro</strong></span> <span class='ocrx_word' id='word_1_20' title='bbox 520 624 639 688; x_wconf 87' lang='lat' dir='ltr'><strong>operam</strong></span> <span class='ocrx_word' id='word_1_21' title='bbox 654 607 742 684; x_wconf 89' lang='lat' dir='ltr'><strong>dedit,</strong></span> <span class='ocrx_word' id='word_1_22' title='bbox 756 608 906 672; x_wconf 84' lang='lat' dir='ltr'><strong>honestam</strong></span> <span class='ocrx_word' id='word_1_23' title='bbox 927 610 1019 686; x_wconf 82' lang='lat' dir='ltr'><strong>magis</strong></span> <span class='ocrx_word' id='word_1_24' title='bbox 1036 626 1120 687; x_wconf 91' lang='lat' dir='ltr'><strong>quarn</strong></span> <span class='ocrx_word' id='word_1_25' title='bbox 1194 645 1197 652; x_wconf 89' lang='lat'>·</span> 
     </span>
    </p>

    <p class='ocr_par' dir='ltr' id='par_1_4' title="bbox 136 691 1120 772">
     <span class='ocr_line' id='line_1_5' title="bbox 136 691 1120 772; baseline -0.006 -15"><span class='ocrx_word' id='word_1_26' title='bbox 136 694 292 771; x_wconf 79' lang='lat' dir='ltr'><strong>assiduam,</strong></span> <span class='ocrx_word' id='word_1_27' title='bbox 315 691 475 769; x_wconf 90' lang='lat' dir='ltr'><strong>eodemque</strong></span> <span class='ocrx_word' id='word_1_28' title='bbox 493 701 626 772; x_wconf 89' lang='lat' dir='ltr'><strong>tempore</strong></span> <span class='ocrx_word' id='word_1_29' title='bbox 655 693 824 754; x_wconf 78' lang='lat' dir='ltr'><strong>Arrecinam</strong></span> <span class='ocrx_word' id='word_1_30' title='bbox 841 692 1014 769; x_wconf 81' lang='lat' dir='ltr'>Tertullam,</span> <span class='ocrx_word' id='word_1_31' title='bbox 1038 701 1120 771; x_wconf 90' lang='lat' dir='ltr'><strong>patre</strong></span> 
     </span>
    </p>

    <p class='ocr_par' dir='ltr' id='par_1_5' title="bbox 113 775 1120 1023">
     <span class='ocr_line' id='line_1_6' title="bbox 113 775 1120 858; baseline -0.005 -18"><span class='ocrx_word' id='word_1_32' title='bbox 113 788 181 858; x_wconf 70' lang='lat' dir='ltr'><strong>teq.</strong></span> <span class='ocrx_word' id='word_1_33' title='bbox 202 779 238 838; x_wconf 79' lang='lat' dir='ltr'><strong>li.</strong></span> <span class='ocrx_word' id='word_1_34' title='bbox 262 777 314 838; x_wconf 89' lang='lat' dir='ltr'><strong>sed</strong></span> <span class='ocrx_word' id='word_1_35' title='bbox 335 776 486 856; x_wconf 89' lang='lat' dir='ltr'><strong>praelecto</strong></span> <span class='ocrx_word' id='word_1_36' title='bbox 509 775 651 854; x_wconf 89' lang='lat' dir='ltr'><strong>quondam</strong></span> <span class='ocrx_word' id='word_1_37' title='bbox 679 776 923 855; x_wconf 90' lang='lat' dir='ltr'><strong>praetorianarum</strong></span> <span class='ocrx_word' id='word_1_38' title='bbox 949 777 1120 854; x_wconf 78' lang='lat' dir='ltr'>cohortium,</span> 
     </span>
     <span class='ocr_line' id='line_1_7' title="bbox 135 859 1120 940; baseline -0.002 -18"><span class='ocrx_word' id='word_1_39' title='bbox 135 863 214 923; x_wconf 84' lang='lat' dir='ltr'><strong>duxit</strong></span> <span class='ocrx_word' id='word_1_40' title='bbox 229 878 348 922; x_wconf 83' lang='lat' dir='ltr'><strong>uxorem</strong></span> <span class='ocrx_word' id='word_1_41' title='bbox 360 869 389 920; x_wconf 91' lang='lat' dir='ltr'><strong>et</strong></span> <span class='ocrx_word' id='word_1_42' title='bbox 400 860 428 918; x_wconf 90' lang='lat' dir='ltr'><strong>in</strong></span> <span class='ocrx_word' id='word_1_43' title='bbox 440 859 592 922; x_wconf 84' lang='lat' dir='ltr'><strong>defunctae</strong></span> <span class='ocrx_word' id='word_1_44' title='bbox 604 861 700 921; x_wconf 89' lang='lat' dir='ltr'><strong>locum</strong></span> <span class='ocrx_word' id='word_1_45' title='bbox 711 860 846 920; x_wconf 78' lang='lat' dir='ltr'>Marciam</span> <span class='ocrx_word' id='word_1_46' title='bbox 857 861 1012 921; x_wconf 81' lang='lat' dir='ltr'><strong>Furnillam</strong></span> <span class='ocrx_word' id='word_1_47' title='bbox 1024 862 1120 940; x_wconf 90' lang='lat' dir='ltr'><strong>splen·</strong></span> 
     </span>
     <span class='ocr_line' id='line_1_8' title="bbox 135 944 969 1023; baseline -0.006 -16"><span class='ocrx_word' id='word_1_48' title='bbox 135 947 190 1008; x_wconf 90' lang='lat' dir='ltr'><strong>didi</strong></span> <span class='ocrx_word' id='word_1_49' title='bbox 204 947 337 1023; x_wconf 73' lang='lat' dir='ltr'><strong>generis;</strong></span> <span class='ocrx_word' id='word_1_50' title='bbox 353 961 416 1005; x_wconf 89' lang='lat' dir='ltr'><strong>cum</strong></span> <span class='ocrx_word' id='word_1_51' title='bbox 432 961 498 1022; x_wconf 89' lang='lat' dir='ltr'><strong>qua,</strong></span> <span class='ocrx_word' id='word_1_52' title='bbox 513 945 624 1005; x_wconf 89' lang='lat' dir='ltr'><strong>sublata</strong></span> <span class='ocrx_word' id='word_1_53' title='bbox 640 945 707 1021; x_wconf 91' lang='lat' dir='ltr'><strong>lilia,</strong></span> <span class='ocrx_word' id='word_1_54' title='bbox 724 944 875 1004; x_wconf 82' lang='lat' dir='ltr'><strong>divortium</strong></span> <span class='ocrx_word' id='word_1_55' title='bbox 890 945 969 1005; x_wconf 90' lang='lat' dir='ltr'><strong>lecit.</strong></span> 
     </span>
    </p>

    <p class='ocr_par' dir='ltr' id='par_1_6' title="bbox 135 1027 1122 1191">
     <span class='ocr_line' id='line_1_9' title="bbox 197 1027 1120 1108; baseline 0 -18"><span class='ocrx_word' id='word_1_56' title='bbox 197 1031 244 1090; x_wconf 86' lang='lat' dir='ltr'><strong>Ex</strong></span> <span class='ocrx_word' id='word_1_57' title='bbox 265 1039 437 1108; x_wconf 88' lang='lat' dir='ltr'><strong>quaesturae</strong></span> <span class='ocrx_word' id='word_1_58' title='bbox 453 1027 556 1089; x_wconf 89' lang='lat' dir='ltr'><strong>deiude</strong></span> <span class='ocrx_word' id='word_1_59' title='bbox 572 1029 683 1090; x_wconf 78' lang='lat' dir='ltr'><strong>honore</strong></span> <span class='ocrx_word' id='word_1_60' title='bbox 697 1029 808 1106; x_wconf 82' lang='lat' dir='ltr'><strong>legioni</strong></span> <span class='ocrx_word' id='word_1_61' title='bbox 825 1029 1027 1107; x_wconf 87' lang='lat' dir='ltr'><strong>praepositus,</strong></span> <span class='ocrx_word' id='word_1_62' title='bbox 1042 1029 1120 1090; x_wconf 83' lang='lat' dir='ltr'><strong>Tari-</strong></span> 
     </span>
     <span class='ocr_line' id='line_1_10' title="bbox 135 1112 1122 1191; baseline -0.003 -15"><span class='ocrx_word' id='word_1_63' title='bbox 135 1115 223 1176; x_wconf 90' lang='lat' dir='ltr'><strong>cheas</strong></span> <span class='ocrx_word' id='word_1_64' title='bbox 237 1123 267 1173; x_wconf 90' lang='lat' dir='ltr'><strong>et</strong></span> <span class='ocrx_word' id='word_1_65' title='bbox 281 1113 425 1174; x_wconf 82' lang='lat' dir='ltr'><strong>Gamalam</strong></span> <span class='ocrx_word' id='word_1_66' title='bbox 439 1112 527 1173; x_wconf 88' lang='lat' dir='ltr'><strong>urbes</strong></span> <span class='ocrx_word' id='word_1_67' title='bbox 543 1113 667 1174; x_wconf 89' lang='lat' dir='ltr'><strong>Iudaeae</strong></span> <span class='ocrx_word' id='word_1_68' title='bbox 685 1112 874 1173; x_wconf 88' lang='lat' dir='ltr'><strong>validissimas</strong></span> <span class='ocrx_word' id='word_1_69' title='bbox 894 1113 923 1171; x_wconf 91' lang='lat' dir='ltr'><strong>in</strong></span> <span class='ocrx_word' id='word_1_70' title='bbox 949 1121 1122 1191; x_wconf 89' lang='lat' dir='ltr'><strong>potestatem</strong></span> 
     </span>
    </p>

    <p class='ocr_par' dir='ltr' id='par_1_7' title="bbox 101 1196 1121 1359">
     <span class='ocr_line' id='line_1_11' title="bbox 101 1196 1121 1277; baseline 0 -21"><span class='ocrx_word' id='word_1_71' title='bbox 101 1214 126 1256; x_wconf 89' lang='lat' dir='ltr'><strong>ro</strong></span> <span class='ocrx_word' id='word_1_72' title='bbox 135 1198 263 1277; x_wconf 76' lang='lat' dir='ltr'><strong>redegit,</strong></span> <span class='ocrx_word' id='word_1_73' title='bbox 285 1214 361 1277; x_wconf 92' lang='lat' dir='ltr'><strong>equo</strong></span> <span class='ocrx_word' id='word_1_74' title='bbox 383 1196 504 1275; x_wconf 87' lang='lat' dir='ltr'><strong>quadam</strong></span> <span class='ocrx_word' id='word_1_75' title='bbox 525 1198 589 1258; x_wconf 89' lang='lat' dir='ltr'><strong>acie</strong></span> <span class='ocrx_word' id='word_1_76' title='bbox 607 1197 659 1257; x_wconf 93' lang='lat' dir='ltr'><strong>sub</strong></span> <span class='ocrx_word' id='word_1_77' title='bbox 676 1196 828 1257; x_wconf 84' lang='lat' dir='ltr'><strong>feminibus</strong></span> <span class='ocrx_word' id='word_1_78' title='bbox 844 1197 950 1256; x_wconf 92' lang='lat' dir='ltr'><strong>amisso</strong></span> <span class='ocrx_word' id='word_1_79' title='bbox 970 1197 1121 1276; x_wconf 89' lang='lat' dir='ltr'><strong>alteroque</strong></span> 
     </span>
     <span class='ocr_line' id='line_1_12' title="bbox 134 1280 996 1359; baseline -0.006 -16"><span class='ocrx_word' id='word_1_80' title='bbox 134 1286 281 1359; x_wconf 75' lang='lat' dir='ltr'><strong>inscenso,</strong></span> <span class='ocrx_word' id='word_1_81' title='bbox 299 1281 378 1340; x_wconf 88' lang='lat' dir='ltr'><strong>cuius</strong></span> <span class='ocrx_word' id='word_1_82' title='bbox 395 1289 494 1340; x_wconf 90' lang='lat' dir='ltr'><strong>rector</strong></span> <span class='ocrx_word' id='word_1_83' title='bbox 512 1283 590 1341; x_wconf 91' lang='lat' dir='ltr'><strong>circa</strong></span> <span class='ocrx_word' id='word_1_84' title='bbox 606 1300 639 1341; x_wconf 91' lang='lat' dir='ltr'><strong>se</strong></span> <span class='ocrx_word' id='word_1_85' title='bbox 656 1280 793 1341; x_wconf 79' lang='lat' dir='ltr'><strong>dimicans</strong></span> <span class='ocrx_word' id='word_1_86' title='bbox 810 1280 996 1341; x_wconf 87' lang='lat' dir='ltr'><strong>occubuerat.</strong></span> 
     </span>
    </p>

    <p class='ocr_par' dir='ltr' id='par_1_8' title="bbox 135 1364 1152 1612">
     <span class='ocr_line' id='line_1_13' title="bbox 195 1364 1152 1444; baseline -0.001 -17"><span class='ocrx_word' id='word_1_87' title='bbox 195 1365 285 1427; x_wconf 81' lang='lat' dir='ltr'><strong>Galba</strong></span> <span class='ocrx_word' id='word_1_88' title='bbox 299 1382 368 1425; x_wconf 88' lang='lat' dir='ltr'><strong>mox</strong></span> <span class='ocrx_word' id='word_1_89' title='bbox 382 1372 499 1424; x_wconf 89' lang='lat' dir='ltr'><strong>tenente</strong></span> <span class='ocrx_word' id='word_1_90' title='bbox 514 1382 576 1424; x_wconf 89' lang='lat' dir='ltr'><strong>rem</strong></span> <span class='ocrx_word' id='word_1_91' title='bbox 593 1383 622 1444; x_wconf 89' lang='lat' dir='ltr'><strong>p.</strong></span> <span class='ocrx_word' id='word_1_92' title='bbox 639 1366 742 1425; x_wconf 85' lang='lat' dir='ltr'><strong>missus</strong></span> <span class='ocrx_word' id='word_1_93' title='bbox 758 1364 794 1424; x_wconf 89' lang='lat' dir='ltr'><strong>ad</strong></span> <span class='ocrx_word' id='word_1_94' title='bbox 814 1364 1025 1442; x_wconf 82' lang='lat' dir='ltr'><strong>gratulandum,</strong></span> <span class='ocrx_word' id='word_1_95' title='bbox 1052 1373 1152 1443; x_wconf 80' lang='lat' dir='ltr'><strong>qua-5</strong></span> 
     </span>
     <span class='ocr_line' id='line_1_14' title="bbox 135 1448 1121 1532; baseline -0.003 -20"><span class='ocrx_word' id='word_1_96' title='bbox 135 1471 191 1532; x_wconf 91' lang='lat' dir='ltr'><strong>qua</strong></span> <span class='ocrx_word' id='word_1_97' title='bbox 210 1453 265 1509; x_wconf 91' lang='lat' dir='ltr'><strong>iret</strong></span> <span class='ocrx_word' id='word_1_98' title='bbox 287 1448 429 1509; x_wconf 81' lang='lat' dir='ltr'><strong>convertit</strong></span> <span class='ocrx_word' id='word_1_99' title='bbox 448 1449 597 1525; x_wconf 91' lang='lat' dir='ltr'><strong>homiues,</strong></span> <span class='ocrx_word' id='word_1_100' title='bbox 622 1449 703 1529; x_wconf 90' lang='lat' dir='ltr'><strong>quasi</strong></span> <span class='ocrx_word' id='word_1_101' title='bbox 726 1449 888 1529; x_wconf 86' lang='lat' dir='ltr'><strong>adoptionis</strong></span> <span class='ocrx_word' id='word_1_102' title='bbox 912 1449 1005 1526; x_wconf 80' lang='lat' dir='ltr'><strong>gratia</strong></span> <span class='ocrx_word' id='word_1_103' title='bbox 1025 1467 1121 1509; x_wconf 88' lang='lat' dir='ltr'><strong>arces-</strong></span> 
     </span>
     <span class='ocr_line' id='line_1_15' title="bbox 135 1531 1123 1612; baseline -0.004 -16"><span class='ocrx_word' id='word_1_104' title='bbox 135 1543 256 1596; x_wconf 89' lang='lat' dir='ltr'><strong>seretur.</strong></span> <span class='ocrx_word' id='word_1_105' title='bbox 307 1531 365 1592; x_wconf 88' lang='lat' dir='ltr'><strong>Sed</strong></span> <span class='ocrx_word' id='word_1_106' title='bbox 393 1531 441 1591; x_wconf 91' lang='lat' dir='ltr'><strong>uhi</strong></span> <span class='ocrx_word' id='word_1_107' title='bbox 462 1531 569 1592; x_wconf 85' lang='lat' dir='ltr'><strong>turbari</strong></span> <span class='ocrx_word' id='word_1_108' title='bbox 592 1551 691 1593; x_wconf 90' lang='lat' dir='ltr'><strong>rursus</strong></span> <span class='ocrx_word' id='word_1_109' title='bbox 716 1542 818 1594; x_wconf 88' lang='lat' dir='ltr'><strong>cuncta</strong></span> <span class='ocrx_word' id='word_1_110' title='bbox 846 1535 952 1612; x_wconf 89' lang='lat' dir='ltr'><strong>sensit,</strong></span> <span class='ocrx_word' id='word_1_111' title='bbox 983 1532 1059 1593; x_wconf 90' lang='lat' dir='ltr'><strong>redit</strong></span> <span class='ocrx_word' id='word_1_112' title='bbox 1085 1551 1123 1592; x_wconf 83' lang='lat' dir='ltr'><strong>eu</strong></span> 
     </span>
    </p>

    <p class='ocr_par' dir='ltr' id='par_1_9' title="bbox 100 1615 1124 2033">
     <span class='ocr_line' id='line_1_16' title="bbox 100 1615 1122 1696; baseline 0.003 -23"><span class='ocrx_word' id='word_1_113' title='bbox 100 1632 126 1674; x_wconf 83' lang='lat' dir='ltr'><strong>rs</strong></span> <span class='ocrx_word' id='word_1_114' title='bbox 136 1618 255 1693; x_wconf 90' lang='lat' dir='ltr'><strong>itinere,</strong></span> <span class='ocrx_word' id='word_1_115' title='bbox 272 1615 408 1696; x_wconf 87' lang='lat' dir='ltr'><strong>aditoque</strong></span> <span class='ocrx_word' id='word_1_116' title='bbox 422 1615 550 1696; x_wconf 84' lang='lat' dir='ltr'><strong>Paphiae</strong></span> <span class='ocrx_word' id='word_1_117' title='bbox 567 1618 691 1678; x_wconf 88' lang='lat' dir='ltr'><strong>Veneris</strong></span> <span class='ocrx_word' id='word_1_118' title='bbox 707 1617 840 1695; x_wconf 90' lang='lat' dir='ltr'><strong>oraculo,</strong></span> <span class='ocrx_word' id='word_1_119' title='bbox 864 1617 928 1677; x_wconf 90' lang='lat' dir='ltr'><strong>dum</strong></span> <span class='ocrx_word' id='word_1_120' title='bbox 948 1618 983 1678; x_wconf 91' lang='lat' dir='ltr'><strong>de</strong></span> <span class='ocrx_word' id='word_1_121' title='bbox 1004 1618 1122 1696; x_wconf 83' lang='lat' dir='ltr'><strong>naviga·</strong></span> 
     </span>
     <span class='ocr_line' id='line_1_17' title="bbox 135 1700 1123 1782; baseline 0 -22"><span class='ocrx_word' id='word_1_122' title='bbox 135 1703 213 1761; x_wconf 90' lang='lat' dir='ltr'><strong>tione</strong></span> <span class='ocrx_word' id='word_1_123' title='bbox 228 1700 369 1778; x_wconf 86' lang='lat' dir='ltr'><strong>consulit,</strong></span> <span class='ocrx_word' id='word_1_124' title='bbox 386 1702 471 1762; x_wconf 87' lang='lat' dir='ltr'><strong>etiam</strong></span> <span class='ocrx_word' id='word_1_125' title='bbox 486 1700 523 1761; x_wconf 89' lang='lat' dir='ltr'><strong>de</strong></span> <span class='ocrx_word' id='word_1_126' title='bbox 538 1702 650 1782; x_wconf 88' lang='lat' dir='ltr'><strong>imperii</strong></span> <span class='ocrx_word' id='word_1_127' title='bbox 667 1721 721 1782; x_wconf 90' lang='lat' dir='ltr'><strong>spe</strong></span> <span class='ocrx_word' id='word_1_128' title='bbox 742 1703 925 1764; x_wconf 82' lang='lat' dir='ltr'><strong>confirmatus</strong></span> <span class='ocrx_word' id='word_1_129' title='bbox 947 1711 1001 1763; x_wconf 91' lang='lat' dir='ltr'><strong>est.</strong></span> <span class='ocrx_word' id='word_1_130' title='bbox 1036 1701 1123 1763; x_wconf 86' lang='lat' dir='ltr'><strong>Cuius</strong></span> 
     </span>
     <span class='ocr_line' id='line_1_18' title="bbox 134 1785 1122 1866; baseline 0.002 -22"><span class='ocrx_word' id='word_1_131' title='bbox 134 1785 216 1845; x_wconf 86' lang='lat' dir='ltr'><strong>brevi</strong></span> <span class='ocrx_word' id='word_1_132' title='bbox 235 1801 371 1866; x_wconf 89' lang='lat' dir='ltr'><strong>compos,</strong></span> <span class='ocrx_word' id='word_1_133' title='bbox 392 1785 471 1846; x_wconf 91' lang='lat' dir='ltr'><strong>etad</strong></span> <span class='ocrx_word' id='word_1_134' title='bbox 488 1785 709 1864; x_wconf 84' lang='lat' dir='ltr'><strong>perdomandam</strong></span> <span class='ocrx_word' id='word_1_135' title='bbox 722 1785 856 1847; x_wconf 83' lang='lat' dir='ltr'><strong>iudaeam</strong></span> <span class='ocrx_word' id='word_1_136' title='bbox 870 1787 1005 1864; x_wconf 86' lang='lat' dir='ltr'><strong>relictus,</strong></span> <span class='ocrx_word' id='word_1_137' title='bbox 1027 1786 1122 1847; x_wconf 88' lang='lat' dir='ltr'><strong>novis·</strong></span> 
     </span>
     <span class='ocr_line' id='line_1_19' title="bbox 135 1868 1123 1952; baseline 0 -22"><span class='ocrx_word' id='word_1_138' title='bbox 135 1871 205 1930; x_wconf 89' lang='lat' dir='ltr'><strong>sima</strong></span> <span class='ocrx_word' id='word_1_139' title='bbox 216 1868 485 1944; x_wconf 78' lang='lat' dir='ltr'><strong>Hierosolymorum</strong></span> <span class='ocrx_word' id='word_1_140' title='bbox 495 1872 713 1949; x_wconf 81' lang='lat' dir='ltr'><strong>oppugnatione</strong></span> <span class='ocrx_word' id='word_1_141' title='bbox 725 1870 877 1930; x_wconf 81' lang='lat' dir='ltr'><strong>duodecim</strong></span> <span class='ocrx_word' id='word_1_142' title='bbox 889 1881 1123 1952; x_wconf 78' lang='lat' dir='ltr'><strong>propugnatores</strong></span> 
     </span>
     <span class='ocr_line' id='line_1_20' title="bbox 134 1953 1124 2033; baseline 0 -19"><span class='ocrx_word' id='word_1_143' title='bbox 134 1953 252 2014; x_wconf 88' lang='lat' dir='ltr'><strong>totidem</strong></span> <span class='ocrx_word' id='word_1_144' title='bbox 267 1953 434 2030; x_wconf 81' lang='lat' dir='ltr'><strong>sagittarum</strong></span> <span class='ocrx_word' id='word_1_145' title='bbox 448 1954 575 2014; x_wconf 88' lang='lat' dir='ltr'><strong>conlecit</strong></span> <span class='ocrx_word' id='word_1_146' title='bbox 589 1954 709 2031; x_wconf 89' lang='lat' dir='ltr'><strong>ictibus,</strong></span> <span class='ocrx_word' id='word_1_147' title='bbox 733 1957 868 2033; x_wconf 91' lang='lat' dir='ltr'><strong>cepitque</strong></span> <span class='ocrx_word' id='word_1_148' title='bbox 885 1973 919 2015; x_wconf 92' lang='lat' dir='ltr'><strong>ea</strong></span> <span class='ocrx_word' id='word_1_149' title='bbox 941 1955 1027 2015; x_wconf 89' lang='lat' dir='ltr'><strong>natali</strong></span> <span class='ocrx_word' id='word_1_150' title='bbox 1048 1954 1124 2015; x_wconf 89' lang='lat' dir='ltr'><strong>liliae</strong></span> 
     </span>
    </p>

    <p class='ocr_par' dir='ltr' id='par_1_10' title="bbox 98 2037 1124 2454">
     <span class='ocr_line' id='line_1_21' title="bbox 98 2037 1123 2117; baseline 0 -19"><span class='ocrx_word' id='word_1_151' title='bbox 98 2047 125 2090; x_wconf 71' lang='lat'><strong>2⁰</strong></span> <span class='ocrx_word' id='word_1_152' title='bbox 136 2055 206 2098; x_wconf 90' lang='lat' dir='ltr'><strong>suae</strong></span> <span class='ocrx_word' id='word_1_153' title='bbox 221 2046 298 2097; x_wconf 91' lang='lat' dir='ltr'><strong>tanto</strong></span> <span class='ocrx_word' id='word_1_154' title='bbox 313 2037 431 2097; x_wconf 91' lang='lat' dir='ltr'><strong>militum</strong></span> <span class='ocrx_word' id='word_1_155' title='bbox 446 2037 552 2114; x_wconf 83' lang='lat' dir='ltr'><strong>gaudio</strong></span> <span class='ocrx_word' id='word_1_156' title='bbox 567 2057 602 2098; x_wconf 88' lang='lat' dir='ltr'><strong>ac</strong></span> <span class='ocrx_word' id='word_1_157' title='bbox 617 2039 729 2114; x_wconf 88' lang='lat' dir='ltr'><strong>lavore,</strong></span> <span class='ocrx_word' id='word_1_158' title='bbox 744 2047 774 2096; x_wconf 89' lang='lat' dir='ltr'><strong>nt</strong></span> <span class='ocrx_word' id='word_1_159' title='bbox 787 2040 815 2097; x_wconf 92' lang='lat' dir='ltr'><strong>in</strong></span> <span class='ocrx_word' id='word_1_160' title='bbox 830 2039 1022 2114; x_wconf 83' lang='lat' dir='ltr'><strong>gratulatione</strong></span> <span class='ocrx_word' id='word_1_161' title='bbox 1034 2039 1123 2117; x_wconf 87' lang='lat' dir='ltr'><strong>impe·</strong></span> 
     </span>
     <span class='ocr_line' id='line_1_22' title="bbox 134 2120 1123 2200; baseline -0.001 -18"><span class='ocrx_word' id='word_1_162' title='bbox 134 2131 261 2183; x_wconf 87' lang='lat' dir='ltr'><strong>ratonem</strong></span> <span class='ocrx_word' id='word_1_163' title='bbox 275 2139 339 2180; x_wconf 89' lang='lat' dir='ltr'><strong>eum</strong></span> <span class='ocrx_word' id='word_1_164' title='bbox 354 2121 598 2182; x_wconf 84' lang='lat' dir='ltr'><strong>consalutauerint</strong></span> <span class='ocrx_word' id='word_1_165' title='bbox 612 2131 642 2180; x_wconf 94' lang='lat' dir='ltr'><strong>et</strong></span> <span class='ocrx_word' id='word_1_166' title='bbox 655 2120 776 2181; x_wconf 87' lang='lat' dir='ltr'><strong>subinde</strong></span> <span class='ocrx_word' id='word_1_167' title='bbox 799 2120 988 2182; x_wconf 85' lang='lat' dir='ltr'><strong>decedentem</strong></span> <span class='ocrx_word' id='word_1_168' title='bbox 1008 2122 1123 2200; x_wconf 82' lang='lat' dir='ltr'><strong>proriu-</strong></span> 
     </span>
     <span class='ocr_line' id='line_1_23' title="bbox 136 2204 1123 2284; baseline -0.001 -17"><span class='ocrx_word' id='word_1_169' title='bbox 136 2208 180 2267; x_wconf 88' lang='lat' dir='ltr'><strong>cia</strong></span> <span class='ocrx_word' id='word_1_170' title='bbox 199 2206 384 2282; x_wconf 87' lang='lat' dir='ltr'><strong>detinuerint,</strong></span> <span class='ocrx_word' id='word_1_171' title='bbox 412 2204 582 2284; x_wconf 89' lang='lat' dir='ltr'><strong>suppliciter</strong></span> <span class='ocrx_word' id='word_1_172' title='bbox 596 2223 652 2266; x_wconf 91' lang='lat' dir='ltr'><strong>nec</strong></span> <span class='ocrx_word' id='word_1_173' title='bbox 672 2222 729 2265; x_wconf 90' lang='lat' dir='ltr'><strong>nou</strong></span> <span class='ocrx_word' id='word_1_174' title='bbox 750 2213 779 2264; x_wconf 91' lang='lat' dir='ltr'><strong>et</strong></span> <span class='ocrx_word' id='word_1_175' title='bbox 796 2205 946 2266; x_wconf 84' lang='lat' dir='ltr'><strong>minaciter</strong></span> <span class='ocrx_word' id='word_1_176' title='bbox 964 2205 1123 2283; x_wconf 80' lang='lat' dir='ltr'><strong>efflagitau-</strong></span> 
     </span>
     <span class='ocr_line' id='line_1_24' title="bbox 134 2288 1122 2368; baseline 0.001 -18"><span class='ocrx_word' id='word_1_177' title='bbox 134 2299 196 2367; x_wconf 91' lang='lat' dir='ltr'><strong>tes,</strong></span> <span class='ocrx_word' id='word_1_178' title='bbox 217 2299 265 2351; x_wconf 91' lang='lat' dir='ltr'><strong>aut</strong></span> <span class='ocrx_word' id='word_1_179' title='bbox 290 2297 454 2349; x_wconf 88' lang='lat' dir='ltr'><strong>remaneret</strong></span> <span class='ocrx_word' id='word_1_180' title='bbox 482 2297 531 2349; x_wconf 92' lang='lat' dir='ltr'><strong>aut</strong></span> <span class='ocrx_word' id='word_1_181' title='bbox 561 2307 658 2350; x_wconf 91' lang='lat' dir='ltr'><strong>secum</strong></span> <span class='ocrx_word' id='word_1_182' title='bbox 686 2290 776 2349; x_wconf 89' lang='lat' dir='ltr'><strong>omnis</strong></span> <span class='ocrx_word' id='word_1_183' title='bbox 809 2288 919 2368; x_wconf 89' lang='lat' dir='ltr'><strong>pariter</strong></span> <span class='ocrx_word' id='word_1_184' title='bbox 955 2288 1122 2352; x_wconf 89' lang='lat' dir='ltr'><strong>abduceret.</strong></span> 
     </span>
     <span class='ocr_line' id='line_1_25' title="bbox 134 2372 1124 2454; baseline -0.002 -18"><span class='ocrx_word' id='word_1_185' title='bbox 134 2373 219 2436; x_wconf 87' lang='lat' dir='ltr'><strong>llnde</strong></span> <span class='ocrx_word' id='word_1_186' title='bbox 234 2383 299 2434; x_wconf 88' lang='lat' dir='ltr'><strong>nata</strong></span> <span class='ocrx_word' id='word_1_187' title='bbox 315 2373 442 2453; x_wconf 89' lang='lat' dir='ltr'><strong>suspicio</strong></span> <span class='ocrx_word' id='word_1_188' title='bbox 458 2382 512 2450; x_wconf 88' lang='lat' dir='ltr'><strong>est,</strong></span> <span class='ocrx_word' id='word_1_189' title='bbox 528 2375 608 2452; x_wconf 90' lang='lat' dir='ltr'><strong>quasi</strong></span> <span class='ocrx_word' id='word_1_190' title='bbox 626 2374 794 2434; x_wconf 90' lang='lat' dir='ltr'><strong>desciscere</strong></span> <span class='ocrx_word' id='word_1_191' title='bbox 809 2392 826 2433; x_wconf 89' lang='lat' dir='ltr'><strong>a</strong></span> <span class='ocrx_word' id='word_1_192' title='bbox 841 2381 924 2453; x_wconf 87' lang='lat' dir='ltr'><strong>patre</strong></span> <span class='ocrx_word' id='word_1_193' title='bbox 941 2372 1124 2454; x_wconf 85' lang='lat' dir='ltr'><strong>Orientisque</strong></span> 
     </span>
    </p>

    <p class='ocr_par' dir='ltr' id='par_1_11' title="bbox 96 2453 1124 2707">
     <span class='ocr_line' id='line_1_26' title="bbox 96 2453 1124 2538; baseline 0 -20"><span class='ocrx_word' id='word_1_194' title='bbox 96 2467 125 2509; x_wconf 72' lang='lat'><strong>2⁶</strong></span> <span class='ocrx_word' id='word_1_195' title='bbox 136 2475 258 2535; x_wconf 77' lang='lat' dir='ltr'><strong>regnum</strong></span> <span class='ocrx_word' id='word_1_196' title='bbox 276 2457 330 2518; x_wconf 90' lang='lat' dir='ltr'><strong>sibi</strong></span> <span class='ocrx_word' id='word_1_197' title='bbox 343 2456 490 2518; x_wconf 82' lang='lat' dir='ltr'><strong>vindicare</strong></span> <span class='ocrx_word' id='word_1_198' title='bbox 505 2453 689 2537; x_wconf 81' lang='lat' dir='ltr'><strong>temptasset3</strong></span> <span class='ocrx_word' id='word_1_199' title='bbox 714 2475 798 2538; x_wconf 88' lang='lat' dir='ltr'><strong>quam</strong></span> <span class='ocrx_word' id='word_1_200' title='bbox 818 2459 1013 2538; x_wconf 84' lang='lat' dir='ltr'><strong>suspicionem</strong></span> <span class='ocrx_word' id='word_1_201' title='bbox 1036 2459 1124 2537; x_wconf 86' lang='lat' dir='ltr'><strong>anxit,</strong></span> 
     </span>
     <span class='ocr_line' id='line_1_27' title="bbox 136 2541 1124 2622; baseline 0.002 -21"><span class='ocrx_word' id='word_1_202' title='bbox 136 2551 289 2621; x_wconf 90' lang='lat' dir='ltr'><strong>postquam</strong></span> <span class='ocrx_word' id='word_1_203' title='bbox 300 2541 504 2602; x_wconf 84' lang='lat' dir='ltr'><strong>Alexandriam</strong></span> <span class='ocrx_word' id='word_1_204' title='bbox 515 2552 619 2622; x_wconf 90' lang='lat' dir='ltr'><strong>petens</strong></span> <span class='ocrx_word' id='word_1_205' title='bbox 631 2545 659 2602; x_wconf 91' lang='lat' dir='ltr'><strong>in</strong></span> <span class='ocrx_word' id='word_1_206' title='bbox 674 2542 873 2603; x_wconf 87' lang='lat' dir='ltr'><strong>consecrando</strong></span> <span class='ocrx_word' id='word_1_207' title='bbox 887 2542 962 2621; x_wconf 87' lang='lat' dir='ltr'><strong>apud</strong></span> <span class='ocrx_word' id='word_1_208' title='bbox 970 2542 1124 2622; x_wconf 88' lang='lat' dir='ltr'><strong>llemphim</strong></span> 
     </span>
     <span class='ocr_line' id='line_1_28' title="bbox 133 2625 1124 2707; baseline 0 -21"><span class='ocrx_word' id='word_1_209' title='bbox 133 2626 212 2686; x_wconf 83' lang='lat' dir='ltr'><strong>boue</strong></span> <span class='ocrx_word' id='word_1_210' title='bbox 227 2625 322 2707; x_wconf 80' lang='lat' dir='ltr'><strong>Apide</strong></span> <span class='ocrx_word' id='word_1_211' title='bbox 339 2625 467 2686; x_wconf 88' lang='lat' dir='ltr'><strong>diadema</strong></span> <span class='ocrx_word' id='word_1_212' title='bbox 487 2629 629 2704; x_wconf 82' lang='lat' dir='ltr'><strong>gestavit,</strong></span> <span class='ocrx_word' id='word_1_213' title='bbox 650 2626 686 2687; x_wconf 94' lang='lat' dir='ltr'><strong>de</strong></span> <span class='ocrx_word' id='word_1_214' title='bbox 702 2644 782 2687; x_wconf 91' lang='lat' dir='ltr'><strong>more</strong></span> <span class='ocrx_word' id='word_1_215' title='bbox 800 2627 915 2706; x_wconf 89' lang='lat' dir='ltr'><strong>quidem</strong></span> <span class='ocrx_word' id='word_1_216' title='bbox 930 2629 1045 2707; x_wconf 87' lang='lat' dir='ltr'><strong>rituque</strong></span> <span class='ocrx_word' id='word_1_217' title='bbox 1068 2627 1124 2705; x_wconf 91' lang='lat' dir='ltr'><strong>pri·</strong></span> 
     </span>
    </p>

    <p class='ocr_par' dir='ltr' id='par_1_12' title="bbox 17 2710 1126 2874">
     <span class='ocr_line' id='line_1_29' title="bbox 17 2710 1126 2791; baseline 0.001 -21"><span class='ocrx_word' id='word_1_218' title='bbox 17 2769 21 2782; x_wconf 77' lang='grc'><strong>,</strong></span> <span class='ocrx_word' id='word_1_219' title='bbox 133 2728 205 2770; x_wconf 87' lang='lat' dir='ltr'><strong>scae</strong></span> <span class='ocrx_word' id='word_1_220' title='bbox 219 2710 385 2788; x_wconf 82' lang='lat' dir='ltr'><strong>religionis;</strong></span> <span class='ocrx_word' id='word_1_221' title='bbox 402 2710 455 2770; x_wconf 92' lang='lat' dir='ltr'><strong>sed</strong></span> <span class='ocrx_word' id='word_1_222' title='bbox 469 2728 528 2770; x_wconf 95' lang='lat' dir='ltr'><strong>non</strong></span> <span class='ocrx_word' id='word_1_223' title='bbox 539 2710 657 2771; x_wconf 89' lang='lat' dir='ltr'><strong>deerant</strong></span> <span class='ocrx_word' id='word_1_224' title='bbox 669 2713 716 2789; x_wconf 90' lang='lat' dir='ltr'><strong>qui</strong></span> <span class='ocrx_word' id='word_1_225' title='bbox 729 2713 846 2791; x_wconf 90' lang='lat' dir='ltr'><strong>sequius</strong></span> <span class='ocrx_word' id='word_1_226' title='bbox 859 2712 1126 2791; x_wconf 89' lang='lat' dir='ltr'><strong>interpretarentur.</strong></span> 
     </span>
     <span class='ocr_line' id='line_1_30' title="bbox 134 2793 1125 2874; baseline 0.001 -22"><span class='ocrx_word' id='word_1_227' title='bbox 134 2793 232 2870; x_wconf 79' lang='lat' dir='ltr'><strong>Quare</strong></span> <span class='ocrx_word' id='word_1_228' title='bbox 250 2794 390 2855; x_wconf 84' lang='lat' dir='ltr'><strong>festinans</strong></span> <span class='ocrx_word' id='word_1_229' title='bbox 410 2795 440 2854; x_wconf 88' lang='lat' dir='ltr'><strong>in</strong></span> <span class='ocrx_word' id='word_1_230' title='bbox 453 2793 573 2871; x_wconf 90' lang='lat' dir='ltr'><strong>ltaliam,</strong></span> <span class='ocrx_word' id='word_1_231' title='bbox 588 2814 651 2855; x_wconf 91' lang='lat' dir='ltr'><strong>cum</strong></span> <span class='ocrx_word' id='word_1_232' title='bbox 664 2796 797 2874; x_wconf 79' lang='lat' dir='ltr'><strong>Regium,</strong></span> <span class='ocrx_word' id='word_1_233' title='bbox 815 2795 1035 2857; x_wconf 89' lang='lat' dir='ltr'><strong>deinPuteolos</strong></span> <span class='ocrx_word' id='word_1_234' title='bbox 1057 2812 1125 2854; x_wconf 90' lang='lat' dir='ltr'><strong>one·</strong></span> 
     </span>
    </p>

    <p class='ocr_par' dir='ltr' id='par_1_13' title="bbox 95 2878 1157 3211">
     <span class='ocr_line' id='line_1_31' title="bbox 95 2878 1126 2959; baseline 0.006 -27"><span class='ocrx_word' id='word_1_235' title='bbox 95 2879 210 2938; x_wconf 80' lang='lat' dir='ltr'><strong>aeraria</strong></span> <span class='ocrx_word' id='word_1_236' title='bbox 225 2896 299 2939; x_wconf 85' lang='lat' dir='ltr'><strong>nare</strong></span> <span class='ocrx_word' id='word_1_237' title='bbox 314 2878 483 2958; x_wconf 88' lang='lat' dir='ltr'><strong>appulisset,</strong></span> <span class='ocrx_word' id='word_1_238' title='bbox 501 2879 621 2940; x_wconf 89' lang='lat' dir='ltr'><strong>Romam</strong></span> <span class='ocrx_word' id='word_1_239' title='bbox 637 2879 703 2939; x_wconf 86' lang='lat' dir='ltr'><strong>indo</strong></span> <span class='ocrx_word' id='word_1_240' title='bbox 725 2879 872 2940; x_wconf 89' lang='lat' dir='ltr'><strong>contendit</strong></span> <span class='ocrx_word' id='word_1_241' title='bbox 895 2879 1126 2959; x_wconf 82' lang='lat' dir='ltr'><strong>expeditissimus</strong></span> 
     </span>
     <span class='ocr_line' id='line_1_32' title="bbox 134 2963 1124 3041; baseline 0.003 -20"><span class='ocrx_word' id='word_1_242' title='bbox 134 2963 352 3041; x_wconf 82' lang='lat' dir='ltr'><strong>inopinantique</strong></span> <span class='ocrx_word' id='word_1_243' title='bbox 368 2963 458 3041; x_wconf 90' lang='lat' dir='ltr'><strong>patri,</strong></span> <span class='ocrx_word' id='word_1_244' title='bbox 475 2963 554 3022; x_wconf 89' lang='lat' dir='ltr'><strong>velut</strong></span> <span class='ocrx_word' id='word_1_245' title='bbox 568 2981 693 3040; x_wconf 80' lang='lat' dir='ltr'><strong>arguens</strong></span> <span class='ocrx_word' id='word_1_246' title='bbox 707 2980 850 3024; x_wconf 91' lang='lat' dir='ltr'><strong>rumorum</strong></span> <span class='ocrx_word' id='word_1_247' title='bbox 872 2963 907 3025; x_wconf 91' lang='lat' dir='ltr'><strong>de</strong></span> <span class='ocrx_word' id='word_1_248' title='bbox 928 2983 960 3023; x_wconf 91' lang='lat' dir='ltr'><strong>se</strong></span> <span class='ocrx_word' id='word_1_249' title='bbox 981 2964 1124 3024; x_wconf 91' lang='lat' dir='ltr'><strong>temerita-</strong></span> 
     </span>
     <span class='ocr_line' id='line_1_33' title="bbox 133 3044 1157 3127; baseline 0.006 -21"><span class='ocrx_word' id='word_1_250' title='bbox 133 3055 202 3122; x_wconf 83' lang='lat' dir='ltr'><strong>tem,</strong></span> <span class='ocrx_word' id='word_1_251' title='bbox 226 3044 301 3108; x_wconf 83' lang='lat' dir='ltr'><strong>Veni</strong></span> <span class='ocrx_word' id='word_1_252' title='bbox 315 3047 414 3124; x_wconf 87' lang='lat' dir='ltr'><strong>inquit,</strong></span> <span class='ocrx_word' id='word_1_253' title='bbox 426 3053 530 3125; x_wconf 84' lang='lat' dir='ltr'><strong>poter,</strong></span> <span class='ocrx_word' id='word_1_254' title='bbox 547 3048 626 3108; x_wconf 80' lang='lat' dir='ltr'><strong>ceni.</strong></span> <span class='ocrx_word' id='word_1_255' title='bbox 656 3046 759 3127; x_wconf 89' lang='lat' dir='ltr'><strong>Neque</strong></span> <span class='ocrx_word' id='word_1_256' title='bbox 776 3066 813 3107; x_wconf 82' lang='lat' dir='ltr'><strong>eu</strong></span> <span class='ocrx_word' id='word_1_257' title='bbox 829 3065 864 3108; x_wconf 91' lang='lat' dir='ltr'><strong>eo</strong></span> <span class='ocrx_word' id='word_1_258' title='bbox 881 3047 990 3108; x_wconf 89' lang='lat' dir='ltr'><strong>destitit</strong></span> <span class='ocrx_word' id='word_1_259' title='bbox 1009 3047 1124 3127; x_wconf 89' lang='lat' dir='ltr'><strong>partici-</strong></span> <span class='ocrx_word' id='word_1_260' title='bbox 1140 3055 1157 3112; x_wconf 84' lang='grc'>6</span> 
     </span>
     <span class='ocr_line' id='line_1_34' title="bbox 133 3132 794 3211; baseline 0 -21"><span class='ocrx_word' id='word_1_261' title='bbox 133 3148 202 3210; x_wconf 85' lang='lat' dir='ltr'><strong>pem</strong></span> <span class='ocrx_word' id='word_1_262' title='bbox 220 3139 307 3209; x_wconf 89' lang='lat' dir='ltr'><strong>atque</strong></span> <span class='ocrx_word' id='word_1_263' title='bbox 322 3132 405 3190; x_wconf 83' lang='lat' dir='ltr'><strong>etiarn</strong></span> <span class='ocrx_word' id='word_1_264' title='bbox 421 3139 544 3192; x_wconf 92' lang='lat' dir='ltr'><strong>tutorem</strong></span> <span class='ocrx_word' id='word_1_265' title='bbox 561 3133 674 3211; x_wconf 91' lang='lat' dir='ltr'><strong>imperii</strong></span> <span class='ocrx_word' id='word_1_266' title='bbox 693 3150 794 3210; x_wconf 82' lang='lat' dir='ltr'><strong>agere.</strong></span> 
     </span>
    </p>

    <p class='ocr_par' dir='ltr' id='par_1_14' title="bbox 198 3213 1125 3295">
     <span class='ocr_line' id='line_1_35' title="bbox 198 3213 1125 3295; baseline 0.001 -21"><span class='ocrx_word' id='word_1_267' title='bbox 198 3213 394 3294; x_wconf 81' lang='lat' dir='ltr'><strong>Triumphauit</strong></span> <span class='ocrx_word' id='word_1_268' title='bbox 411 3233 474 3274; x_wconf 90' lang='lat' dir='ltr'><strong>cum</strong></span> <span class='ocrx_word' id='word_1_269' title='bbox 493 3226 576 3294; x_wconf 88' lang='lat' dir='ltr'><strong>patre</strong></span> <span class='ocrx_word' id='word_1_270' title='bbox 598 3234 806 3295; x_wconf 90' lang='lat' dir='ltr'><strong>censuramque</strong></span> <span class='ocrx_word' id='word_1_271' title='bbox 826 3218 920 3293; x_wconf 84' lang='lat' dir='ltr'><strong>gessit</strong></span> <span class='ocrx_word' id='word_1_272' title='bbox 938 3235 1009 3294; x_wconf 90' lang='lat' dir='ltr'><strong>una,</strong></span> <span class='ocrx_word' id='word_1_273' title='bbox 1033 3215 1125 3276; x_wconf 89' lang='lat' dir='ltr'><strong>eidem</strong></span> 
     </span>
    </p>

    <p class='ocr_par' dir='ltr' id='par_1_15' title="bbox 14 3298 1126 3636">
     <span class='ocr_line' id='line_1_36' title="bbox 64 3298 1126 3380; baseline 0.008 -28"><span class='ocrx_word' id='word_1_274' title='bbox 64 3355 67 3364; x_wconf 68' lang='grc'><em>,</em></span> <span class='ocrx_word' id='word_1_275' title='bbox 93 3299 254 3376; x_wconf 76' lang='lat' dir='ltr'><strong>sscollega</strong></span> <span class='ocrx_word' id='word_1_276' title='bbox 268 3308 297 3360; x_wconf 88' lang='lat' dir='ltr'><strong>et</strong></span> <span class='ocrx_word' id='word_1_277' title='bbox 313 3301 341 3358; x_wconf 90' lang='lat' dir='ltr'><strong>in</strong></span> <span class='ocrx_word' id='word_1_278' title='bbox 361 3298 512 3360; x_wconf 87' lang='lat' dir='ltr'><strong>tribunicia</strong></span> <span class='ocrx_word' id='word_1_279' title='bbox 532 3309 678 3380; x_wconf 88' lang='lat' dir='ltr'><strong>potestate</strong></span> <span class='ocrx_word' id='word_1_280' title='bbox 698 3310 728 3361; x_wconf 90' lang='lat' dir='ltr'><strong>et</strong></span> <span class='ocrx_word' id='word_1_281' title='bbox 746 3301 776 3358; x_wconf 94' lang='lat' dir='ltr'><strong>in</strong></span> <span class='ocrx_word' id='word_1_282' title='bbox 796 3309 908 3380; x_wconf 86' lang='lat' dir='ltr'><strong>septem</strong></span> <span class='ocrx_word' id='word_1_283' title='bbox 931 3299 1126 3362; x_wconf 88' lang='lat' dir='ltr'><strong>consulatibus</strong></span> 
     </span>
     <span class='ocr_line' id='line_1_37' title="bbox 132 3382 1125 3465; baseline 0 -21"><span class='ocrx_word' id='word_1_284' title='bbox 132 3383 203 3452; x_wconf 84' lang='lat' dir='ltr'><strong>iuit;</strong></span> <span class='ocrx_word' id='word_1_285' title='bbox 219 3393 397 3463; x_wconf 88' lang='lat' dir='ltr'><strong>receptaque</strong></span> <span class='ocrx_word' id='word_1_286' title='bbox 414 3382 449 3444; x_wconf 91' lang='lat' dir='ltr'><strong>ad</strong></span> <span class='ocrx_word' id='word_1_287' title='bbox 466 3401 498 3443; x_wconf 90' lang='lat' dir='ltr'><strong>se</strong></span> <span class='ocrx_word' id='word_1_288' title='bbox 516 3402 609 3464; x_wconf 90' lang='lat' dir='ltr'><strong>prope</strong></span> <span class='ocrx_word' id='word_1_289' title='bbox 629 3385 752 3446; x_wconf 90' lang='lat' dir='ltr'><strong>omnium</strong></span> <span class='ocrx_word' id='word_1_290' title='bbox 772 3385 934 3445; x_wconf 80' lang='lat' dir='ltr'><strong>ciliciorum</strong></span> <span class='ocrx_word' id='word_1_291' title='bbox 956 3403 1024 3446; x_wconf 89' lang='lat' dir='ltr'><strong>cura</strong></span> <span class='ocrx_word' id='word_1_292' title='bbox 1044 3387 1125 3465; x_wconf 91' lang='lat' dir='ltr'><strong>(cum</strong></span> 
     </span>
     <span class='ocr_line' id='line_1_38' title="bbox 132 3467 1124 3550; baseline 0.001 -23"><span class='ocrx_word' id='word_1_293' title='bbox 132 3467 225 3547; x_wconf 90' lang='lat' dir='ltr'><strong>patris</strong></span> <span class='ocrx_word' id='word_1_294' title='bbox 241 3469 357 3528; x_wconf 86' lang='lat' dir='ltr'><strong>nomine</strong></span> <span class='ocrx_word' id='word_1_295' title='bbox 373 3477 402 3528; x_wconf 91' lang='lat' dir='ltr'><strong>et</strong></span> <span class='ocrx_word' id='word_1_296' title='bbox 418 3469 558 3547; x_wconf 87' lang='lat' dir='ltr'><strong>epistolas</strong></span> <span class='ocrx_word' id='word_1_297' title='bbox 572 3472 637 3550; x_wconf 91' lang='lat' dir='ltr'><strong>ipse</strong></span> <span class='ocrx_word' id='word_1_298' title='bbox 653 3469 775 3531; x_wconf 90' lang='lat' dir='ltr'><strong>dictaret</strong></span> <span class='ocrx_word' id='word_1_299' title='bbox 789 3478 820 3530; x_wconf 92' lang='lat' dir='ltr'><strong>et</strong></span> <span class='ocrx_word' id='word_1_300' title='bbox 842 3470 937 3532; x_wconf 87' lang='lat' dir='ltr'><strong>edicta</strong></span> <span class='ocrx_word' id='word_1_301' title='bbox 959 3468 1124 3532; x_wconf 89' lang='lat' dir='ltr'><strong>conscribe·</strong></span> 
     </span>
     <span class='ocr_line' id='line_1_39' title="bbox 14 3552 1123 3636; baseline 0.007 -30"><span class='ocrx_word' id='word_1_302' title='bbox 14 3585 19 3606; x_wconf 72' lang='grc'><strong>.</strong></span> <span class='ocrx_word' id='word_1_303' title='bbox 133 3563 179 3611; x_wconf 88' lang='lat' dir='ltr'><strong>ret</strong></span> <span class='ocrx_word' id='word_1_304' title='bbox 199 3552 404 3633; x_wconf 88' lang='lat' dir='ltr'><strong>orationesque</strong></span> <span class='ocrx_word' id='word_1_305' title='bbox 424 3554 452 3612; x_wconf 91' lang='lat' dir='ltr'><strong>iu</strong></span> <span class='ocrx_word' id='word_1_306' title='bbox 467 3562 575 3614; x_wconf 86' lang='lat' dir='ltr'><strong>senatu</strong></span> <span class='ocrx_word' id='word_1_307' title='bbox 596 3555 733 3616; x_wconf 88' lang='lat' dir='ltr'><strong>recitaret</strong></span> <span class='ocrx_word' id='word_1_308' title='bbox 755 3554 840 3615; x_wconf 90' lang='lat' dir='ltr'><strong>etiam</strong></span> <span class='ocrx_word' id='word_1_309' title='bbox 860 3557 1024 3636; x_wconf 90' lang='lat' dir='ltr'><strong>quaestoris</strong></span> <span class='ocrx_word' id='word_1_310' title='bbox 1043 3553 1123 3630; x_wconf 89' lang='lat' dir='ltr'><strong>vice)</strong></span> 
     </span>
    </p>
   </div>
   <div class='ocr_carea' id='block_1_3' title="bbox 0 0 1230 3910">
    <p class='ocr_par' dir='ltr' id='par_1_16' title="bbox 0 0 1230 3910">
     <span class='ocr_line' id='line_1_40' title="bbox 0 0 1230 3910; baseline 0 1"><span class='ocrx_word' id='word_1_311' title='bbox 0 0 1230 3910; x_wconf 95' lang='lat' dir='ltr'><strong> </strong></span> 
     </span>
    </p>
   </div>
  </div>
 </body>
</html>
