2434 3908
187 210 284 258 LXXX
520 205 730 254 PRAEFATIO.

188 384 241 442 pro
258 367 388 423 Mortuus
407 372 447 423 esl
461 369 488 421 iu
509 366 568 438 fala
585 366 697 438 (plzalo)
722 358 727 445 Ι
752 371 787 426 23
806 368 834 421 iu
851 367 951 438 oppido
969 385 1024 438 ego
1040 387 1094 442 pro

186 453 287 522 oppido
306 443 311 528 Ι
329 456 364 509 24
377 453 417 506 nil
432 450 562 506 lerWoll
572 467 625 523 pro
640 451 708 506 uileil
725 448 731 527 Ι
749 455 782 508 25
798 450 829 506 id
841 449 924 507 Woli
936 467 988 523 pra
1002 447 1092 532 idem}

186 541 222 595 29
238 541 266 590 et
280 541 315 595 34
329 535 443 592 Caecilio
459 541 487 589 et
504 534 614 591 Caecilii
632 535 752 591 Crinitus
769 539 797 589 el
814 533 937 591 Muretus
953 552 1005 608 pro
1023 536 1093 593 an-

187 621 229 675 rio
245 625 274 674 et
289 619 381 676 anrii
394 635 429 674 ex
449 636 476 689 p.
494 624 561 687 291,
582 625 631 683 38:
655 619 737 675 eliam
761 635 789 690 p.
804 624 873 689 294,
898 625 931 677 25
948 619 1091 678 Parisinus

187 702 267 777 prior
283 703 353 760 Celio
367 703 452 758 habel
476 693 482 779 Ι
506 709 541 762 30
557 703 656 758 dicitur
670 703 881 769 'lhltlommsem
899 709 976 759 totus
991 721 1091 761 uersus

187 793 216 842 el
239 787 357 858 amplius
381 804 397 844 a
416 785 541 842 Parisino
563 785 658 858 priore
681 788 761 842 abest
785 777 791 866 Ι
820 793 854 846 35
875 787 1093 844 dinumeratione

187 873 318 943 Schopen
343 887 394 944 pro
419 872 642 926 denumeroliauo
665 872 711 927 ael
740 871 774 926 da
799 873 1004 926 enumeratione
1026 865 1032 949 Ι
1057 877 1091 933 37

186 957 301 1027 Hecyra
320 961 454 1011 summoto
471 954 666 1010 Thltlommsen
693 947 698 1031 Ι
728 961 763 1014 38
781 954 824 1010 die
839 954 965 1010 omittunt
979 961 1091 1013 veteres

186 1040 249 1095 edd.
263 1056 319 1110 pro
333 1056 403 1095 noea
419 1039 534 1094 Ritsehl.

245 1129 312 1194 293,
341 1129 358 1184 6
380 1136 494 1195 eamque
511 1123 640 1195 Sclropen
668 1138 720 1194 pro
742 1137 860 1194 numque
884 1123 929 1179 vel
944 1123 1057 1179 eandem
1085 1118 1090 1199 Ι

184 1209 262 1268 8isli
278 1208 338 1264 edd.
358 1224 410 1280 pro
422 1208 478 1279 ipsi
494 1198 499 1285 Ι
520 1214 550 1265 11
567 1223 628 1262 cum
637 1207 725 1263 Aldus
741 1223 793 1280 pre
808 1207 882 1279 quod
898 1199 904 1286 Ι
923 1213 957 1268 14
971 1213 1092 1279 tempore

185 1291 312 1349 omittunt
327 1291 447 1348 Parisini
465 1282 471 1371 Ι
491 1299 524 1353 19
538 1291 630 1346 domui
642 1307 698 1362 ego
714 1306 766 1364 pro
780 1291 862 1346 damu
877 1291 923 1347 ael
944 1291 1017 1347 domi
1033 1289 1038 1364 Ι
1057 1298 1092 1353 28

185 1375 291 1433 Santra
306 1375 435 1432 Erasmus
452 1393 503 1449 pro
520 1375 604 1432 Salra
623 1373 629 1448 Ι
653 1380 687 1436 32
702 1375 817 1448 Popillia
832 1375 954 1432 lluretns
969 1391 1020 1448 pro
1034 1375 1090 1432 Po-

182 1462 260 1532 pilio‚
279 1459 429 1531 Pompilio,
448 1459 554 1531 Papilla
579 1455 583 1537 Ι
613 1466 647 1522 34
664 1461 793 1514 dicautur
813 1476 867 1531 ego
888 1476 939 1532 pro
960 1460 1091 1517 dicuutur

185 1545 230 1600 vel
254 1544 411 1599 dicerentur
436 1537 441 1620 Ι
468 1549 501 1604 37
522 1561 576 1616 qua
591 1544 745 1601 Ascensius
764 1561 789 1600 a.
803 1550 872 1603 1504
895 1550 922 1599 et
939 1543 1012 1600 liare
1037 1561 1090 1618 pro

185 1629 234 1698 qui
249 1628 294 1682 vel
314 1629 394 1702 quia,
415 1627 467 1682 eir.
484 1646 511 1700 p.
528 1635 578 1690 59.
594 1635 636 1690 23.

248 1713 526 1784 294‚1percipiendi
541 1713 602 1767 edd.
619 1729 670 1785 pro
683 1713 960 1786 percipiendarum
979 1731 1089 1786 qnoque

185 1794 277 1867 poluit
291 1796 331 1851 ad
346 1787 353 1874 Ι
370 1802 388 1856 3
405 1811 532 1868 opressus
551 1797 646 1852 uriam
661 1803 703 1852 est
716 1797 872 1869 Stephanus
892 1790 898 1871 Ι
916 1803 972 1857 661
993 1813 1089 1855 nauem
1182 1785 1186 1793 ’

184 1883 215 1933 ui
232 1895 283 1951 pro
298 1875 533 1962 naocmiuaoim)
549 1886 579 1935 ul
590 1897 653 1952 ego.
677 1881 768 1937 eraoim
782 1896 844 1936 cum
861 1882 923 1936 edd.
944 1875 948 1956 Ι
967 1880 1088 1942 96116-

183 1963 292 2020 uaudro
314 1965 599 2035 86111116661656,
621 1965 672 2021 sed
694 1963 865 2021 uindicare
888 1965 923 2020 de
941 1965 1042 2022 finibus
1062 1974 1087 2038 1,

184 2054 211 2119 3,
225 2056 252 2111 7.
298 2047 403 2104 Gellius
423 2056 450 2120 2,
466 2054 510 2119 23,
526 2054 552 2108 6.
595 2049 718 2105 Donatus
735 2047 764 2104 in
781 2047 936 2121 appendice
951 2049 1033 2105 huius
1046 2048 1089 2103 ei-

182 2137 228 2188 tae
247 2124 252 2206 Ι
271 2140 305 2193 10
315 2133 455 2189 Arcadiae
470 2132 628 2206 Stymphala
642 2132 844 2188 eiochucadia
856 2132 995 2189 Erasmus.
1026 2133 1089 2188 6166

182 2215 338 2273 Leucadiae
352 2218 494 2274 Parisinus
509 2217 664 2291 posterior,
683 2217 752 2271 Edd.
781 2209 787 2293 Ι
811 2222 845 2274 12
860 2231 898 2272 cu
915 2233 969 2289 ego
986 2233 1039 2290 pro
1054 2231 1089 2272 ac
1184 2283 1191 2292 ¹

183 2315 221 2357 ccc
235 2302 362 2356 uelacri
383 2297 387 2378 Ι
418 2307 451 2361 16
466 2304 494 2357 iu
508 2303 552 2358 oio
567 2303 753 2371 Burmannus,
771 2301 822 2357 sed
842 2301 893 2356 cir.
909 2319 935 2374 p.
955 2307 1020 2372 116,
1045 2309 1089 2360 15.

184 2377 1088 2462 mumumumemumum

183 2467 274 2523 uttam
285 2469 361 2524 delet
380 2467 526 2540 scinopon,
545 2470 595 2525 sed
611 2469 662 2525 eir.
678 2486 706 2540 p.
723 2475 783 2539 113,
801 2474 836 2528 28
854 2462 860 2545 Ι
878 2474 912 2530 16
927 2467 985 2536 Quo
1000 2471 1088 2541 erupis

183 2552 270 2606 miror
286 2557 339 2608 ete.
357 2552 433 2608 delei
445 2555 550 2623 Bothe,
566 2554 614 2608 sed
632 2553 684 2607 air.
702 2570 728 2623 p.
746 2559 872 2624 162,1'l·
893 2559 1011 2622 262,10
1029 2545 1035 2631 Ι
1055 2558 1088 2612 18
1164 2617 1170 2630 ,

181 2634 251 2691 nillil
270 2634 385 2692 Publius
406 2636 500 2706 Scipio
518 2636 642 2708 profuit,
669 2637 739 2692 alliu
758 2639 785 2692 ei
801 2637 913 2693 Laelius
936 2635 1024 2691 Aldus
1052 2653 1088 2692 ex

181 2737 209 2794 p.
225 2725 294 2792 202,
309 2726 344 2780 23
368 2717 373 2793 Ι
398 2727 431 2781 19
451 2721 481 2775 id
493 2721 576 2777 Woll
590 2737 641 2793 pro
658 2721 727 2775 idem
752 2714 759 2800 Ι
783 2726 819 2779 24
834 2721 907 2776 dices
921 2718 1086 2790 Ascensus,

181 2804 269 2861 Aldus
294 2796 299 2882 Ι
331 2809 364 2863 25
385 2803 525 2860 Vulcatius
545 2805 600 2860 Seb
610 2807 692 2861 lirant
712 2822 737 2860 a.
758 2811 826 2864 1503
845 2821 897 2877 pro
921 2795 1084 2882 Vulcanus!

182 2896 216 2949 33
240 2896 268 2945 la
290 2891 319 2944 iu
341 2890 453 2944 summis
477 2906 492 2944 o
519 2890 675 2961 Stephanus
699 2903 751 2961 pro
774 2894 804 2943 iu
823 2891 852 2944 iu
874 2890 1019 2944 summisso
1039 2889 1085 2943 vel

81 2965 89 2980 ‘
182 2979 236 3028 lam
252 2975 395 3029 summisso
414 2963 419 3050 Ι
438 2978 472 3033 37
490 2988 555 3031 neoc
570 2989 622 3046 pro
642 2987 730 3044 neque
745 2989 809 3043 ego.
844 2987 933 3046 aeque
952 2974 982 3028 iu
998 2965 1085 3046 661611

181 3062 214 3117 37
229 3057 373 3130 despectus
398 3058 461 3112 edd.
479 3074 530 3130 pro
551 3059 678 3128 despecta
696 3071 734 3111 66
753 3057 798 3114 vel
823 3056 952 3128 despecta
970 3050 975 3135 Ι
995 3062 1031 3116 38
1050 3070 1087 3110 66

182 3157 236 3209 ego
252 3159 304 3213 pro
320 3159 358 3196 au
377 3141 422 3195 vel
438 3147 473 3196 el.

22 3233 169 3275 uoruunn.
245 3223 277 3291 Q.
300 3224 442 3282 Horatii
466 3224 590 3281 Flacci
612 3224 724 3281 ailam
751 3226 785 3281 ab
806 3218 943 3299 atiquo‘t)
959 3231 1082 3282 veterana

179 3353 384 3364 ’,ἣ-

250 3416 295 3480 67)
320 3420 437 3472 Fortasse
454 3424 569 3484 Acrone,
589 3437 645 3472 eum
660 3422 801 3490 Porphyrio
816 3424 902 3491 ipsum
925 3439 954 3473 se
971 3423 1039 3473 dicat
1052 3421 1084 3472 de

181 3486 233 3536 vila
250 3493 340 3550 poetae
353 3490 520 3539 narrationem
539 3491 681 3557 scripsisse,
696 3493 730 3542 ad
746 3491 820 3544 Satlr.
840 3493 865 3552 1,
878 3491 905 3554 0,
923 3491 967 3542 41.
