2434 3908
192 790 263 864 nn
283 788 565 868 mucronum
585 788 890 916 punissimo.
961 745 965 754 ’

474 980 621 990 ...-----

168 1073 342 1154 Suetoniana
354 1097 461 1167 studia,
477 1099 710 1182 splendidissimis
725 1099 793 1156 olim
805 1097 992 1156 oommeudata

91 1182 248 1238 nominibus
260 1181 389 1237 Politiaui
404 1181 510 1250 Erasmi
525 1183 627 1255 Lipsii‚
642 1183 743 1240 deiude
756 1182 913 1240 casauboni
923 1181 994 1237 Gro-

91 1266 237 1322 noviorum
258 1259 345 1338 patri's
373 1271 402 1320 et
420 1266 470 1321 dlii
493 1265 604 1323 Graevii
628 1267 787 1324 Burmanni·
802 1263 994 1336 Oudendorpii

90 1350 202 1405 Ernesti
222 1349 366 1405 laboribus
384 1349 546 1420 nobilitata,
566 1358 662 1408 nostro
682 1351 796 1407 saeoulo
811 1349 893 1404 valde
908 1346 994 1403 reiri-

90 1450 211 1504 gusoare
232 1439 394 1506 coeperunt.
439 1433 506 1488 Nam
521 1435 567 1506 qni
582 1434 717 1507 proximis
733 1432 904 1507 temporibus
921 1431 993 1487 Sue-

90 1517 169 1573 tonio
190 1517 298 1572 edendo
320 1533 427 1572 manum
448 1518 643 1588 admoverunt,
666 1519 824 1574 sobolaruru
841 1514 992 1572 commodis

90 1602 240 1656 consulere
267 1601 337 1654 satis
360 1601 516 1656 babuerunt
542 1608 570 1657 et
589 1602 650 1674 ipse
670 1603 829 1658 briderieus
848 1598 992 1671 Augustus

89 1685 187 1753 Wolf,
214 1683 337 1754 quumvis
362 1683 468 1739 oritiois
494 1685 627 1741 subsidiis
655 1702 711 1741 non
734 1685 916 1753 detineretur,
941 1683 993 1738 do·

90 1774 199 1822 otorum
224 1767 362 1822 bominum
383 1769 586 1840 exspectationi
604 1769 693 1843 impar
712 1771 790 1825 visus
812 1774 864 1824 est.
908 1766 992 1821 Prae-

88 1857 170 1906 terea
192 1850 315 1904 nonnulli
332 1851 367 1904 de
382 1852 436 1906 lide
450 1867 542 1907 rerum
564 1869 579 1907 a
595 1853 755 1924 Tranquillo
773 1850 992 1923 conscriptarum

89 1932 226 1989 laudabili
242 1933 334 1988 studio
351 1941 553 2004 exposuerunt;
567 1935 602 1990 de
617 1936 711 1992 verbis
723 1934 902 1991 emendandis
913 1933 993 1988 libri-

91 2033 147 2088 que
163 2015 259 2089 speoiu
273 2015 403 2071 universa
418 2017 452 2071 ud
472 2017 616 2087 pristinum
632 2019 820 2090 integritatem
835 2016 992 2073 revocanda

89 2099 183 2156 omnia
200 2105 261 2154 uota
276 2115 341 2154 esse
356 2099 416 2154 visa
432 2105 504 2154 sunt.
537 2099 631 2171 Neque
647 2102 676 2157 id
690 2117 806 2173 prorsus
823 2101 911 2164 ialso;
932 2116 993 2155 nam

90 2185 125 2239 ab
144 2182 269 2253 egregiis
289 2182 347 2238 illis
364 2181 518 2238 editoribus
542 2189 596 2239 tam
618 2184 684 2239 libri
700 2191 811 2239 veteres
825 2198 924 2253 magno
942 2199 993 2236 nn-

89 2282 168 2322 mero
184 2266 310 2337 inquisiti
334 2273 362 2322 et
383 2266 419 2321 ad
434 2265 654 2322 emendationem
675 2265 792 2322 adhibiti
811 2272 891 2335 suut,
913 2281 993 2337 quam

90 2350 300 2406 emendationes
312 2350 476 2421 ingeniosae
488 2351 627 2423 oorruptis
639 2351 710 2406 loeis
723 2349 869 2419 iuventae,
884 2355 914 2403 nt
924 2365 992 2405 sano

90 2435 139 2506 qui
151 2434 197 2488 vel
208 2449 336 2489 auersum
348 2433 443 2490 variae
455 2434 585 2490 lectionis
601 2451 706 2506 angere
717 2434 876 2489 elaboraret
887 2433 931 2488 vel
943 2434 992 2487 bu-

89 2516 220 2573 riolando
236 2533 348 2588 operam
363 2517 457 2587 daret,
471 2534 638 2590 pannorum,
654 2518 728 2574 siout
740 2533 800 2574 mea
815 2517 870 2572 fert
885 2515 992 2588 opinio,

90 2601 210 2673 gratiam
227 2608 303 2655 esset
320 2608 529 2657 consecuturus.

155 2685 258 2739 Verum
272 2685 327 2740 boo
346 2685 464 2740 noudum
480 2687 548 2741 satis
570 2687 723 2756 perfeetum
739 2701 802 2739 esso
817 2678 945 2752 videtur,
963 2686 993 2736 ut

91 2785 129 2824 ex
152 2768 258 2823 infinito
279 2769 413 2824 librorum
433 2785 545 2824 numero
566 2769 661 2841 optimi
684 2776 712 2822 et
734 2765 918 2839 antiquissimi
941 2765 994 2819 eli-

90 2859 194 2922 gantur
208 2868 241 2907 ao
251 2859 387 2923 tamquam
399 2852 484 2908 duces
497 2852 554 2922 ndi,
571 2868 641 2924 quos
656 2868 789 2922 nusquam
803 2849 856 2906 nisi
872 2848 900 2902 in
912 2864 994 2921 aper-

92 2941 138 2990 tos
162 2951 273 2991 errores
295 2936 445 2992 inoideriut
463 2936 518 3007 ipsi
533 2936 666 2991 deserere
680 2935 780 3004 lineat,
799 2934 992 2988 observentur.

90 3018 187 3073 linitis
206 3017 234 3073 iu
253 3020 352 3089 rebus,
372 3033 443 3090 quau
461 3021 583 3076 leviores
597 3019 742 3088 videntur,
763 3023 796 3072 nt
814 3022 857 3072 est
870 3015 994 3071 voeabu-

92 3103 184 3157 lorum
195 3103 345 3160 oollouatio
357 3109 404 3159 aut
415 3103 555 3159 soribeudi
568 3104 639 3160 ratio
652 3109 698 3159 aut
710 3101 829 3172 sapitum
841 3098 994 3168 distinctio,

92 3185 246 3241 editionum
259 3187 384 3258 priorum
399 3193 543 3242 curatores
558 3203 661 3242 morem
677 3185 762 3241 semel
779 3188 920 3253 reeeptum
934 3181 995 3237 vul-
1062 3173 1067 3183 ’

92 3275 241 3340 gatumque
257 3271 338 3342 sequi
354 3286 481 3341 quamex
495 3269 576 3325 libris
588 3270 729 3325 immutare
744 3268 906 3323 maluerunt.
939 3265 995 3320 Sed

92 3358 189 3408 nostra
206 3359 298 3409 aelate
317 3353 489 3409 intellectum
505 3359 564 3422 est,
584 3353 684 3408 nullam
699 3368 763 3406 esse
784 3349 917 3406 rationem
933 3350 994 3404 vul-

93 3441 177 3504 gatae
193 3437 324 3492 lectionis
340 3455 373 3496 ao
388 3453 423 3492 ne
435 3437 462 3491 in
477 3436 594 3490 minimis
609 3436 718 3506 quidem
736 3436 819 3490 rebus
831 3434 994 3502 habendam,

93 3517 149 3572 nisi
176 3521 340 3593 optimorum
366 3520 500 3585 librorum
522 3520 670 3574 accederet
697 3517 855 3573 auotoritas.
899 3517 995 3587 ltaque
