2466 3896
519 231 690 280 susumus.
1065 221 1106 284 93

105 402 178 462 ergo
188 381 265 446 'Gaio
278 393 434 446 revocatus
447 396 502 464 est,
521 404 620 446 verum
634 386 686 447 sub
703 386 868 449 conditione
884 406 921 448 ne
939 405 1022 468 quarn
1038 406 1103 469 par·

104 476 163 529 tem
180 486 316 549 curamve
327 471 372 534 rei
388 488 417 550 p.
433 473 598 548 attingeret.

165 551 261 614 Rediit
275 560 378 614 octavo
394 563 462 633 post
476 573 625 616 secessum
640 572 724 633 anno,
736 574 839 634 magna
851 575 907 617 nec
922 559 1032 618 incerta
1049 575 1102 636 spe
1112 573 1147 626 14

102 637 276 714 futurorum,
291 655 374 716 quam
390 647 420 698 et
434 641 554 700 ostentis
571 644 601 698 et
615 638 859 718 praedictionibus
874 640 910 702 ab
925 641 1006 701 initio
1024 650 1101 703 aeta·

76 722 140 784 stis
155 730 340 801 conceperat.

1 819 2 900 q
164 805 330 884 Praegnans
345 807 418 866 enim
431 807 511 869 Livia
526 825 599 885 cum,
612 825 646 868 an
663 825 769 867 marem
781 807 889 869 editura
906 819 995 887 esset,
1012 811 1101 872 variis

1 915 2 944 ι
103 898 233 970 captaret
247 890 404 969 ominibus,
423 910 507 953 ovum
524 891 669 952 incubanti
688 890 814 968 gallinae
835 891 1004 953 subductum
1025 912 1101 955 nunc

103 993 153 1036 sna
169 992 243 1035 nnnc
258 975 447 1036 ministrarum
461 994 544 1037 manu
558 996 613 1056 per
628 977 711 1036 vicos
726 993 817 1054 usque
832 975 914 1053 fovit,
930 977 1024 1056 quoad
1039 979 1101 1058 pul-

9 1057 11 1062 ’
102 1059 147 1120 lus
165 1060 315 1136 insigniter
338 1061 470 1121 cristatus
491 1060 627 1121 exclusus
646 1069 700 1120 est.
744 1059 789 1119 Ac
805 1059 841 1120 de
859 1059 967 1120 infante
981 1060 1100 1122 Scribo-

1 1143 2 1157 *
64 1160 94 1202 so
103 1145 165 1204 nius
190 1142 406 1204 mathematicus
430 1145 581 1223 praeclara
606 1143 777 1224 spopondit,
809 1145 893 1203 etiarn
916 1153 1101 1220 regnaturum

1 1245 2 1252 ¹
102 1226 282 1307 quandoque,
298 1227 350 1286 sed
365 1229 426 1288 sine
438 1230 522 1305 regio
540 1229 662 1306 insigni,
678 1230 776 1306 ignota
794 1228 909 1288 scilicet
924 1237 991 1288 tunc
1006 1227 1099 1288 adhuc

102 1311 259 1373 (laesarum
282 1320 438 1390 potestate.
482 1311 520 1372 Et
540 1313 674 1390 ingresso
697 1313 815 1392 primam
837 1310 1050 1390 expeditionem
1066 1331 1100 1374 ac

100 1415 155 1475 per
168 1393 365 1456 Macedoniam
379 1394 501 1455 ducente
518 1397 675 1457 exercitum
686 1398 715 1455 in
727 1397 849 1473 Syriam,
861 1395 967 1456 accidit
977 1404 1007 1456 ut
1022 1396 1098 1476 apud

99 1477 251 1558 Philippos
266 1488 397 1540 sacratae
410 1479 478 1539 olim
493 1479 653 1540 victricium
665 1480 811 1558 legionum
821 1498 888 1541 arae
904 1490 1009 1560 sponte
1023 1480 1099 1542 subi-

60 1565 137 1625 istis
154 1562 339 1623 conlucerent
355 1563 484 1642 ignibus;
509 1573 537 1624 et
552 1583 632 1643 mox,
659 1584 721 1625 cunr
734 1564 881 1641 Illyricum
898 1575 1002 1647 petens
1017 1567 1097 1626 iuxta

99 1648 247 1709 Patavium
265 1646 372 1710 adisset
383 1647 524 1725 Geryonis
539 1649 696 1728 oraculum,
713 1660 792 1710 sorte
804 1659 912 1727 tracta,
930 1669 986 1730 qua
1001 1668 1098 1711 mone·

99 1731 183 1792 batur
197 1740 227 1791 ut
243 1730 278 1792 de
294 1733 548 1794 consultationibus
566 1736 593 1794 in
608 1734 706 1813 Aponi
722 1734 830 1795 iontem
845 1734 921 1796 talos
937 1753 1043 1797 aureos
1058 1736 1097 1796 ia·

100 1824 194 1893 cerel,
214 1817 311 1876 evenit
329 1827 360 1878 ut
379 1836 515 1878 summum
533 1836 678 1878 numerum
695 1819 762 1878 iacti
783 1818 819 1879 ab
835 1836 872 1878 eo
892 1820 1096 1890 ostenderent;

99 1899 245 1979 hodieque
261 1900 313 1959 sub
328 1919 403 1980 aqna
417 1904 545 1961 visuntur
561 1901 590 1961 hi
607 1902 666 1962 tali.
711 1900 786 1962 Ante
803 1921 913 1981 pancos
928 1922 998 1964 vero
1015 1922 1098 1983 quam

59 1993 290 2044 aorevocaretur
306 1983 367 2044 dies
382 1986 487 2064 aquila,
511 2003 660 2063 numquam
675 1992 758 2045 antea
772 1984 868 2047 Rhodi
883 1995 1053 2066 conspecta,
1069 1989 1097 2046 in

99 2066 223 2128 culmine
239 2067 340 2129 domus
356 2070 418 2129 eius
433 2067 555 2138 assedit;
578 2077 607 2128 et
622 2069 713 2147 pridie
729 2086 811 2148 quarn
826 2068 972 2129 de-reditn
988 2071 1097 2131 certior

98 2153 196 2229 lieret,
212 2155 381 2214 vestimenta
398 2153 515 2213 mutanti
529 2155 624 2212 tunica
640 2152 743 2212 ardere
758 2154 820 2213 risa
835 2162 890 2213 est.
914 2152 1095 2229 Thrasyllum

1 2279 3 2314 3
98 2253 214 2316 quoqne
229 2237 474 2314 mathematicum,
489 2255 572 2316 quem
590 2245 621 2295 ut
636 2237 795 2315 sapientiae
810 2237 1010 2318 professorem
1027 2255 1095 2298 con·

97 2319 230 2381 tubernio
248 2321 431 2399 admoverat,
453 2330 509 2381 tum
523 2322 644 2380 maxime
661 2329 799 2400 expertus
814 2330 875 2400 est,
899 2321 1094 2399 allirmantem,

60 2423 171 2464 ennave
193 2407 311 2484 provisa
330 2405 461 2485 gandium
484 2406 594 2474 afferri;
619 2423 681 2465 curn
703 2405 816 2484 quidem
832 2405 928 2483 illum,
951 2407 1048 2467 durius
1066 2415 1096 2468 et

98 2497 199 2549 contra
222 2490 369 2568 praedicta
390 2489 558 2550 cadentibus
578 2488 681 2567 rebus,
705 2499 735 2548 ut
751 2489 855 2551 lalsnm
870 2499 899 2550 et
914 2501 1096 2552 secretorum

96 2581 207 2633 temere
223 2575 379 2652 conscium,
395 2592 431 2635 eo
446 2577 512 2653 ipso
527 2582 681 2651 momento,
697 2572 762 2633 dum
776 2577 918 2654 spatiatur
928 2595 992 2654 una,
1007 2595 1091 2656 prae·
1149 2613 1152 2620 ·

98 2656 218 2736 cipitare
233 2660 262 2717 in
276 2677 355 2719 mare
369 2657 550 2718 destinasset.

155 2741 274 2802 Romam
288 2761 439 2820 reversus,
458 2741 582 2802 deducto
597 2744 625 2801 in
644 2743 737 2802 iorum
752 2743 812 2804 lilio
829 2743 942 2821 Druso,
965 2742 1059 2801 statim
1074 2755 1137 2808 ele

61 2830 87 2872 ³⁰
100 2822 212 2886 Carinis
234 2844 269 2887 ac
282 2827 457 2905 Pompeiana
479 2826 563 2886 domo
578 2826 723 2905 Esquilias
739 2829 768 2886 in
785 2827 886 2888 hortos
900 2826 1092 2888 Maecenatia-

96 2927 151 2969 nos
172 2911 384 2988 transmigravit
404 2920 551 2989 totumque
572 2929 605 2970 se
627 2910 662 2970 ad
683 2914 809 2990 quietem
824 2910 958 2988 contulit,
982 2909 1094 2988 privata

95 2992 183 3054 modo
200 2994 298 3056 cilicia
313 2994 416 3055 obiens
432 3014 467 3056 ac
481 2995 660 3074 publicorum
675 3014 821 3055 munerum
836 3013 953 3076 expers.

159 3077 230 3139 Gaio
253 3089 282 3139 et
301 3079 390 3139 Lucio
413 3081 487 3140 intra
507 3081 656 3158 triennium
683 3079 843 3157 defunctis,
874 3078 1027 3158 adoptatur
1055 3078 1091 3138 ab

96 3159 229 3240 Augusto
253 3163 335 3224 simul
354 3182 417 3224 cum
432 3164 521 3224 fratre
536 3180 636 3227 eorum
650 3163 687 3224 Μ.
704 3162 854 3243 Agrippa,
878 3170 997 3224 coactus
1012 3162 1092 3243 prins

61 3245 161 3324 ⁸⁵ipse
176 3245 373 3308 Germanicum
392 3249 490 3308 fratris
509 3248 553 3307 sui
574 3247 661 3308 hlium
682 3247 831 3327 adoptare.
862 3246 927 3308 Nec
943 3248 1092 3328 quicquam

96 3338 202 3409 postea
222 3350 276 3410 pro
301 3342 384 3412 patre
411 3331 533 3392 familias
554 3333 614 3408 egit
634 3339 680 3391 aut
700 3334 761 3409 ins,
780 3331 857 3411 quod
877 3334 1028 3410 amiserat,
1055 3349 1093 3391 ex

96 3413 155 3476 nlla
171 3425 254 3495 parte
269 3419 392 3477 retinuit.
422 3415 495 3477 Nam
509 3433 605 3494 neque
620 3415 737 3476 donavit
752 3435 847 3495 neque
860 3419 1036 3494 manumisit,
1053 3434 1091 3475 ne

14 3527 24 3539 ι
97 3496 286 3562 hereditatem
307 3500 421 3581 quidem
443 3509 490 3562 aut
510 3499 608 3579 legata
629 3502 762 3582 percepit
781 3500 840 3563 ulla
862 3502 946 3564 aliter
962 3519 1047 3582 quam
1062 3509 1093 3558 ut
