2392 3926
226 237 503 284 nsrsnutnonum
521 238 702 286 nrauoaum
724 237 924 298 nunroumn.
1010 225 1071 287 279

75 393 103 452 in
126 391 239 451 Etruria
264 391 434 452 consedisse
455 390 588 452 Timaeus
616 393 707 453 refert
730 393 804 453 duce
827 393 994 470 Tyrrheno,
1024 396 1071 473 qui

75 477 140 536 iatri
156 492 208 535 suo
226 483 356 535 cesserat
375 477 460 552 regni
475 477 670 536 contentione.
713 476 804 555 igitur
824 481 853 537 in
869 477 984 538 Etruria
999 479 1074 538 inter

76 570 193 620 ceteros
213 561 285 619 ritus
308 560 543 638 superstitionum
564 579 676 620 suarum
692 562 860 640 spectacula
876 579 991 641 quoque
1006 562 1073 623 reli·

75 644 170 722 gionis
199 645 313 703 nomine
334 645 496 714 instituunt;
524 643 590 704 inde
614 645 735 706 Romani
763 647 921 707 arcessitos
949 643 1073 707 artifices

53 736 249 804 smutuantur,
268 738 397 805 tempus,
416 731 655 806 enuntiationem,
678 738 707 789 ut
722 729 781 789 ludi
797 748 813 790 a
828 730 914 805 Lydis
932 747 1072 792 vocaren-

75 823 119 872 tur
135 858 143 870 .
160 857 167 870 .
185 857 192 870 .
238 810 308 872 Gum
323 814 488 889 promiscue
503 812 562 872 ludi
576 813 719 874 Liberalia
737 823 918 890 vocarentur,
933 815 1073 875 honorem

72 896 168 957 Liberi
183 899 273 975 patris
284 895 434 957 manifeste
442 896 596 966 sonabant;
611 896 717 963 Libero
732 900 806 957 enim
819 916 836 958 a
852 899 966 959 rusticis
980 900 1074 977 primo

74 980 180 1041 fiebant
196 980 233 1040 ob
244 980 429 1056 beneficium,
446 980 522 1060 quod
539 983 565 1041 ci
579 980 753 1059 adscribunt,
776 983 969 1043 demonstrata
980 984 1072 1060 gratia

73 1067 141 1124 vini.
178 1064 292 1124 Exinde
304 1063 363 1124 ludi
379 1061 534 1126 Consualia
546 1065 631 1144 dicti,
645 1069 693 1145 qui
708 1067 789 1127 iniio
803 1065 967 1146 Neptunum
978 1066 1071 1127 hono·

38 1163 64 1204 so
74 1149 188 1210 rabant:
210 1149 331 1210 eundem
351 1151 426 1208 enim
446 1159 474 1210 et
493 1148 619 1210 Consum
633 1151 786 1212 vocabant.
813 1149 938 1212 -Dehinc
956 1150 1073 1229 Equiria

74 1234 156 1310 equis
167 1232 251 1293 Marti
257 1233 397 1294 Romulus
409 1233 493 1304 dixit;
508 1252 678 1314 quamquam
690 1235 739 1296 alii
751 1221 1073 1297 etGonsualiallomulo

71 1318 244 1397 defendunt,
265 1319 342 1400 quod
364 1338 399 1381 ea
417 1319 519 1381 Conso
536 1319 692 1397 dicaverit,
711 1319 766 1380 deo
787 1328 818 1379 nt
829 1318 933 1396 uolunt
954 1317 1081 1394 consilii,

71 1407 134 1463 eius
155 1403 270 1464 scilicet
290 1421 348 1483 quo
364 1414 431 1466 tunc
446 1404 614 1465 Sabinarum
628 1406 772 1481 virginum
793 1404 925 1482 rapinam
942 1399 1081 1462 militibus

71 1489 131 1547 suis
146 1488 175 1547 in
198 1490 377 1548 matrimonia
393 1489 571 1566 excogitavit
586 1533 594 1547 .
611 1533 639 1546 ..
663 1497 691 1548 et
707 1506 783 1549 nunc
801 1505 851 1548 ara
868 1485 966 1547 Gonso
989 1485 1032 1545 illi
1052 1487 1081 1544 in

35 1587 60 1627 ια
74 1575 154 1632 circo
170 1570 289 1632 defossa
306 1581 351 1633 est
371 1573 407 1632 ad
422 1575 530 1651 primas
544 1581 637 1632 metas
652 1571 705 1632 sub
717 1581 795 1632 terra
811 1590 874 1632 cum
889 1571 1081 1649 inscriptione

70 1656 155 1716 huius
178 1655 270 1716 modi:
300 1655 425 1718 Consus
443 1657 590 1734 consilio,
613 1655 704 1718 llars
725 1657 845 1734 duello,
867 1654 968 1716 Lares
988 1653 1080 1716 coillo

69 1746 218 1818 potentes.
264 1741 434 1802 Sacrificant
454 1741 530 1822 apud
545 1760 609 1802 eam
625 1741 718 1802 Nonis
733 1741 814 1802 luliis
835 1740 1008 1801 sacerdotes
1027 1755 1080 1818 pu·

72 1824 158 1902 blici‚
183 1823 248 1886 Xll.
279 1825 325 1887 lll.
355 1827 543 1906 Septembres
565 1827 669 1888 llamen
692 1826 849 1902 Quirinalis
875 1834 904 1883 et
930 1825 1080 1902 Virgines.

70 1908 184 1968 Dehinc
197 1908 273 1969 idem
286 1910 425 1971 Romulus
440 1911 503 1971 lovi
517 1911 650 1973 Feretrio
668 1909 754 1970 ludos
769 1911 888 1970 instituit
904 1911 932 1967 in
941 1908 1080 1986 Tarpeio,

34 2010 148 2072 coquos
163 1992 305 2072 Tarpeios
329 1995 422 2055 dictos
440 2004 469 2054 et
491 1993 672 2073 Capitolinos
686 1994 753 2055 Piso
774 1993 869 2054 tradit.
912 1992 983 2053 Post
1004 1991 1081 2051 hune

69 2077 164 2138 Numa
186 2076 343 2157 Pompilius
365 2079 448 2138 blasti
470 2089 499 2138 et
517 2077 655 2156 Robigini
675 2079 760 2155 fecit,
785 2080 918 2158 (namet
938 2074 1080 2152 robiginis

71 2162 155 2222 deam
177 2163 340 2242 linxerunt)
361 2162 465 2222 debinc
481 2162 581 2223 'l'ullus
598 2162 756 2240 Hostilius,
776 2161 881 2222 debinc
891 2161 991 2221 Ancus
1005 2159 1079 2220 blar-

72 2247 135 2306 cius
159 2254 189 2306 et
208 2248 299 2307 ceteri
322 2264 438 2327 quoque
454 2265 508 2325 per
529 2246 668 2307 ordinem.
712 2245 750 2306 Et
768 2246 871 2325 quibus
890 2244 978 2305 idolis
995 2243 1080 2305 ludos

71 2331 260 2408 instituerint,
284 2333 409 2410 positum
425 2339 470 2390 est
484 2331 560 2410 apud
577 2332 745 2391 Suetonium
761 2328 976 2409 Tranquillum,
999 2327 1048 2388 vel
1064 2345 1081 2388 a

32 2415 177 2493 nsquibus
204 2415 389 2495 Tranquillus
417 2418 542 2495 accepit.
591 2413 799 2477 Tertullianus
827 2413 866 2474 de
890 2411 1080 2492 spectaculis

71 2509 311 2662 σφ’ᾎῑσάρια.
327 2631 333 2643 .
350 2630 358 2642 .
372 2581 532 2664 Νουμᾶς,
554 2573 573 2644 ὁ
590 2581 720 2681 πρῶτος
733 2571 891 2663 βασιλεῦς
904 2571 986 2662 μετὰ
1000 2569 1080 2642 Ῥω-

70 2658 183 2746 μύλον
195 2656 367 2747 Ῥωμαίων
381 2687 419 2746 γε
443 2661 545 2746 ονώς,
573 2657 637 2729 ἄπο
651 2659 793 2748 σιδήρου
809 2660 865 2728 καὶ
878 2663 1005 2745 χαλκοῦ
1019 2682 1080 2725 us·

70 2745 237 2831 ποιημένα
257 2747 387 2832 πρῶτος
424 2753 583 2830 χαρίσαιο
610 2747 816 2855 [γογγιάριον
834 2737 1079 2834 ,ἕδωκενΓΡω-

34 2850 60 2891 so
70 2834 193 2915 μαίοις,
209 2831 276 2896 τῶν
290 2853 355 2913 προ
371 2853 477 2896 αντον
493 2855 630 2897 παντων
640 2835 695 2898 dtu
709 2833 878 2897 σκυτίνων
889 2828 945 2895 καὶ
957 2822 1079 2913 despit·

70 2918 178 2980 ut'umu
200 2908 262 2998 τὴν
280 2918 395 2999 χρείαν
417 2912 657 3002 supponimus,
674 2913 757 3001 ἅπερ
776 2908 951 2999 ὠνόμασεν
966 2913 1003 2978 ἐκ
1016 2911 1079 2976 τοῦ

72 3001 164 3064 ddc'ou
180 2992 345 3084 ὀνόματος
358 2995 498 3084 vosipsos,
522 2995 565 3076 ὥς
587 3016 670 3085 φησι
698 2996 922 3085 Τράγανλλος.
960 2999 1079 3062 Suidas

72 3105 98 3146 s.
125 3105 153 3147 c.
180 3076 333 3168 ἀσσάρια.
377 3085 515 3149 Ioannes
529 3087 736 3150 Auticcltcnus
751 3107 784 3166 p.
808 3095 868 3148 553
890 3086 937 3147 ed.
953 3083 1076 3146 mutter.

73 3169 260 3233 Obsonicum
272 3172 426 3251 paschale
438 3171 686 3235 Alexandrinum
697 3191 729 3250 p.
745 3180 802 3232 218
816 3169 916 3232 Boou.
951 3169 1076 3248 Syuoel·

34 3271 61 3313 as
72 3255 123 3316 lus
136 3254 156 3314 I
164 3275 197 3334 p.
217 3265 273 3320 398
286 3255 386 3318 Boou.
433 3255 591 3318 Oedrenus
604 3254 624 3317 Ι
637 3276 668 3335 p.
686 3265 745 3318 260
758 3254 857 3317 Boun.
902 3253 1079 3334 Auonymus

72 3335 230 3420 Scalipcri
242 3359 276 3420 p.
300 3351 350 3420 54.
396 3339 661 3422 Obrouoprupltus
677 3340 937 3404 Nommscuc’unus
955 3358 986 3417 p.
1005 3347 1076 3399 645.

137 3425 223 3504 Apud
246 3427 372 3486 maiores
386 3425 490 3486 theatri
506 3427 615 3504 gradus
635 3434 742 3486 tantum
756 3425 884 3496 lueruut;
906 3441 970 3484 nam
989 3440 1078 3483 scena

74 3506 113 3566 de
132 3509 212 3586 ligno
230 3517 337 3569 tantum
351 3509 387 3569 ad
404 3518 516 3589 tempus
534 3511 637 3588 tiebat,
662 3509 736 3570 unde
757 3509 902 3588 hodieque
920 3508 1080 3590 permansit
