2466 3896
512 247 683 296 souuerse.
1028 238 1086 298 105

90 405 236 468 seductum
252 414 470 485 constupraret,
493 404 634 483 simulque
650 404 767 465 fratrem
784 405 846 465 eius
861 403 1023 472 tibicinem;
1047 413 1087 464 at·

89 507 145 570 que
159 491 273 569 utrique
286 507 368 567 mox,
391 489 469 569 quod
484 497 581 548 mutuo
596 488 734 566 flagitium
752 487 980 569 exprobrarant,
1004 506 1088 550 crura

87 575 224 652 fregisse
250 573 430 634 Feminarum
447 590 575 653 quoque,
591 572 748 652 etquidem
765 573 928 651 illustrium,
944 573 1130 652 capitibusts

89 667 195 738 quanto
208 676 299 738 opere
313 659 415 718 solitus
431 659 467 718 sit
481 657 623 732 inludere,
636 656 851 718 evidentissime
869 660 1003 737 apparuit
1016 657 1087 720 blal-

69 743 184 804 uloniue
196 742 340 802 cuiusdam
352 744 438 819 exitu,
455 759 538 821 quam
551 740 718 820 perductam
731 759 786 802 noc
800 743 953 822 quiequam
964 743 1089 822 amplius

18 893 20 902 s
88 826 148 906 pati
174 827 405 887 constantissime
431 835 613 888 recusantem
638 825 816 885 delatoribus
842 825 964 902 obiecit,
991 846 1026 888 ae
1051 845 1089 887 ne

87 929 167 972 ream
182 909 295 990 quidem
310 910 497 989 interpellare
516 911 616 987 desiit,
631 909 736 990 ecquid
751 912 927 988 paeniteret;
944 911 1038 972 donee
1053 929 1088 972 ea

18 1063 24 1080 ,
86 995 191 1056 relicto
206 994 313 1055 iudicio
329 994 444 1056 domum
457 1013 490 1055 se
504 995 630 1074 abripuit
643 994 782 1072 ferroque
799 997 950 1072 transegit,
967 994 1088 1056 obseae-

87 1081 177 1140 nitate
199 1079 259 1139 oris
279 1077 390 1140 hirsuto
412 1087 498 1158 atque
514 1078 593 1140 olido
609 1079 673 1139 soni
689 1077 768 1138 clare
785 1077 972 1156 exprobrata.
1004 1079 1088 1139 Unde

58 1176 168 1224 rumora
188 1164 217 1222 iu
232 1162 396 1224 Atellanico
413 1163 553 1242 exhodio,
578 1162 717 1242 proximis
733 1161 808 1221 ludis
823 1161 947 1222 adsensu
964 1163 1087 1221 maximo

87 1256 232 1328 excepta,
258 1246 455 1325 percrebruit,
484 1247 603 1308 bircam
626 1245 759 1307 uetulum
784 1243 917 1324 Capreis
942 1252 1087 1306 autorum

85 1331 109 1392 l'
150 1331 242 1391 rrire.

96 1350 294 1474 ml’eouniae
315 1433 419 1493 parcus
441 1433 476 1475 ac
494 1426 597 1490 tenax,
620 1415 742 1476 comites
759 1415 1022 1493 peregrinationum
1036 1425 1130 1481 exat

85 1497 323 1578 peditionumque
337 1516 489 1578 numquam
506 1499 629 1576 salario,
648 1497 766 1559 cibariis
783 1508 890 1561 tantum
906 1501 1088 1579 sustentavit,

54 1599 76 1642 rs
86 1599 145 1642 una
159 1581 245 1642 modo
262 1581 436 1644 liberalitate
451 1603 489 1645 ex
509 1583 685 1662 indulgentia
700 1583 795 1646 uitrici
809 1594 998 1664 prosecutus,
1024 1595 1094 1645 cum

85 1665 180 1727 tribus
196 1666 337 1727 classibus
351 1668 435 1728 iactis
447 1686 502 1748 pro
513 1668 653 1747 dignitate
665 1671 814 1748 cuiusque,
832 1670 941 1749 primae
952 1679 1088 1731 sescenta

86 1751 239 1828 sestertia,
262 1752 405 1812 secundae
427 1753 635 1840 quadringenta
657 1753 814 1830 distribuit,
837 1753 958 1814 ducenta
974 1757 1087 1832 tertiae,

86 1853 174 1914 quam
188 1851 245 1893 nou
259 1836 429 1913 amicorum,
445 1837 497 1898 sed
512 1847 660 1915 gratorum
674 1838 850 1917 appellabat

148 1917 288 1997 Princeps
308 1937 404 2010 neque
425 1938 516 2000 opera
536 1921 593 1982 ulla
615 1923 769 1999 magnifica
784 1923 854 1982 fecit
871 1925 951 2002 (nam
967 1931 997 1981 et
1012 1917 1128 2001 quae4'

52 2001 151 2066 sosola
172 2003 358 2081 susceperat,
380 2002 504 2082 Augusti
525 2006 661 2083 templum
682 2006 949 2085 restitutionemque
964 2004 1086 2084 Pompe·

85 2085 145 2147 iani
167 2085 270 2146 theatri
277 2087 477 2166 ,imperfecta
498 2097 566 2187 post
588 2097 632 2149 tot
654 2106 744 2149 annos
757 2089 887 2167 reliquit)
910 2106 1006 2166 neque
1020 2105 1087 2167 spe·

88 2170 201 2230 otuoula
216 2171 329 2230 omnino
345 2169 447 2240 edidit;
464 2182 493 2232 et
508 2173 554 2249 iis,
569 2190 643 2253 quae
658 2171 694 2232 ab
710 2174 807 2251 aliquo
825 2172 990 2249 ederentur,
1001 2176 1087 2232 raris·

87 2255 159 2315 sime
181 2255 323 2332 interfuit,
345 2275 381 2316 ne
405 2256 472 2335 quid
494 2265 720 2335 exposceretur,
742 2258 841 2336 utique
862 2265 1016 2337 postquam
1038 2273 1087 2317 eo·

82 2338 220 2398 moedum
226 2338 341 2400 Actium
353 2349 474 2401 coaetus
484 2349 529 2402 est
535 2341 741 2402 manumittere.
756 2340 915 2402 Paucorum
924 2351 1088 2402 senatorum

56 2423 188 2501 ainopia
208 2431 381 2502 sustentata,
401 2443 439 2485 ne
459 2425 590 2503 pluribus
611 2443 696 2505 opem
711 2427 817 2502 ferret,
838 2428 958 2504 negavit
975 2445 1008 2486 se
1024 2426 1088 2488 aliis

88 2506 310 2584 subventurum,
335 2509 391 2568 nisi
417 2512 528 2571 senatui
552 2511 642 2570 iustas
661 2510 876 2571 necessitatium
895 2528 997 2572 causas
1020 2529 1088 2590 pro·

88 2590 218 2651 bassent
249 2592 313 2666 Quo
331 2602 416 2672 paeto
432 2593 591 2674 plerosque
607 2594 794 2655 modestiaet
809 2596 922 2694 pudore
937 2595 1086 2670 deterruit,

87 2677 115 2734 in
138 2674 240 2754 quibus
262 2675 427 2753 Hortalum,
451 2677 547 2754 Quinti
560 2677 698 2740 Hortensi
722 2680 845 2740 oratoris
865 2681 1029 2758 nepotem,'
1040 2678 1088 2756 qui

88 2758 256 2838 permodica
278 2778 310 2819 re
333 2760 467 2823 familiari
488 2770 608 2823 auctore
622 2761 757 2840 Augusto
772 2773 906 2843 quattuor
921 2763 1031 2823 liberos
1045 2770 1087 2820 tu-

58 2842 172 2904 soleret.

149 2925 269 2988 Publice
294 2930 514 2991 munificentiam
541 2929 587 2990 bis
614 2934 729 2991 omnino
757 2931 902 3008 exhibuit,
933 2931 1129 3010 propositos&

88 3009 183 3071 milies
203 3014 339 3073 sestertio
360 3016 511 3092 gratuito
503 3032 531 3074 ιιι
545 3015 650 3075 trienni
664 3005 793 3160 tempuscp
815 3024 845 3075 et
858 3033 957 3074 rursus
971 3012 1087 3093 quibus·

89 3093 153 3156 dum
176 3093 300 3156 dominis
314 3098 486 3175 insularum,
505 3117 579 3177 quae
602 3099 631 3158 iu
650 3109 747 3160 monte
790 3099 866 3159 aelio
883 3098 1086 3176 deflagrarant,

91 3180 185 3258 pretio
200 3181 344 3242 restituto.
378 3181 505 3258 Quorum
521 3183 641 3244 altemm
659 3202 763 3261 magna
780 3183 948 3244 difficultate
963 3199 1086 3242 numma-

60 3264 144 3339 aeria,
168 3263 278 3343 populo
300 3266 435 3326 auxilium
455 3267 617 3344 flagitante,
635 3277 754 3328 coactus
773 3276 817 3326 est
831 3268 939 3345 iacere,
956 3285 1018 3326 cum
1033 3285 1088 3346 per

92 3356 206 3408 senatus
222 3349 383 3410 consultum
400 3352 559 3429 sanxisset,
575 3360 606 3409 ut
619 3351 822 3412 foeneratores
838 3351 908 3411 duas
924 3352 1087 3432 patrimonii

92 3439 187 3507 partes
210 3433 239 3492 iu
266 3434 330 3494 solo
360 3435 556 3511 collocarent,
581 3434 729 3497 debitores
752 3435 871 3496 totidem
897 3437 972 3498 aeris
1001 3434 1087 3495 alieni

15 3510 28 3561 b
93 3516 183 3575 statim
194 3515 354 3596 solverent
369 3537 425 3580 nec
436 3537 485 3580 res
498 3520 697 3599 expediretur3
717 3521 836 3582 alterum
853 3519 888 3582 ad
905 3519 1086 3599 mitigandam
