<?xml version="1.0" encoding="UTF-8"?>
<!DOCTYPE html PUBLIC "-//W3C//DTD XHTML 1.0 Transitional//EN"
    "http://www.w3.org/TR/xhtml1/DTD/xhtml1-transitional.dtd">
<html xmlns="http://www.w3.org/1999/xhtml" xml:lang="en" lang="en">
 <head>
  <title>
</title>
<meta http-equiv="Content-Type" content="text/html;charset=utf-8" />
  <meta name='ocr-system' content='tesseract 3.04.00' />
  <meta name='ocr-capabilities' content='ocr_page ocr_carea ocr_par ocr_line ocrx_word'/>
</head>
<body>
  <div class='ocr_page' id='page_1' title='image "./csuetonitranqui00suetgoog_0178.png"; bbox 0 0 2468 3912; ppageno 0'>
   <div class='ocr_carea' id='block_1_1' title="bbox 434 202 1088 270">
    <p class='ocr_par' dir='ltr' id='par_1_1' title="bbox 434 202 1088 270">
     <span class='ocr_line' id='line_1_1' title="bbox 434 202 1088 270; baseline -0.005 -2"><span class='ocrx_word' id='word_1_1' title='bbox 434 220 538 268; x_wconf 84' lang='lat' dir='ltr'><strong>nrvus</strong></span> <span class='ocrx_word' id='word_1_2' title='bbox 561 221 750 270; x_wconf 80' lang='lat' dir='ltr'><strong>auousuus.</strong></span> <span class='ocrx_word' id='word_1_3' title='bbox 1047 202 1088 270; x_wconf 82' lang='grc'><strong>67</strong></span> 
     </span>
    </p>
   </div>
   <div class='ocr_carea' id='block_1_2' title="bbox 18 372 1190 3562">
    <p class='ocr_par' dir='ltr' id='par_1_2' title="bbox 18 372 1190 2033">
     <span class='ocr_line' id='line_1_2' title="bbox 95 372 1089 454; baseline -0.001 -16"><span class='ocrx_word' id='word_1_4' title='bbox 95 375 222 437; x_wconf 88' lang='lat' dir='ltr'><strong>necanda</strong></span> <span class='ocrx_word' id='word_1_5' title='bbox 248 372 427 435; x_wconf 81' lang='lat' dir='ltr'><strong>deliberavit.</strong></span> <span class='ocrx_word' id='word_1_6' title='bbox 462 374 550 436; x_wconf 81' lang='lat' dir='ltr'><strong>Certe</strong></span> <span class='ocrx_word' id='word_1_7' title='bbox 576 393 639 436; x_wconf 89' lang='lat' dir='ltr'><strong>curn</strong></span> <span class='ocrx_word' id='word_1_8' title='bbox 663 375 715 435; x_wconf 92' lang='lat' dir='ltr'><strong>sub</strong></span> <span class='ocrx_word' id='word_1_9' title='bbox 742 375 816 435; x_wconf 92' lang='lat' dir='ltr'><strong>idem</strong></span> <span class='ocrx_word' id='word_1_10' title='bbox 843 383 956 454; x_wconf 92' lang='lat' dir='ltr'><strong>tempus</strong></span> <span class='ocrx_word' id='word_1_11' title='bbox 976 393 1031 436; x_wconf 89' lang='lat' dir='ltr'><strong>una</strong></span> <span class='ocrx_word' id='word_1_12' title='bbox 1051 393 1089 437; x_wconf 84' lang='lat' dir='ltr'><strong>ex</strong></span> 
     </span>
     <span class='ocr_line' id='line_1_3' title="bbox 97 457 1091 539; baseline -0.002 -17"><span class='ocrx_word' id='word_1_13' title='bbox 97 460 220 522; x_wconf 89' lang='lat' dir='ltr'><strong>consciis</strong></span> <span class='ocrx_word' id='word_1_14' title='bbox 233 458 336 520; x_wconf 87' lang='lat' dir='ltr'><strong>liberta</strong></span> <span class='ocrx_word' id='word_1_15' title='bbox 351 458 469 519; x_wconf 84' lang='lat' dir='ltr'>Phoebe</span> <span class='ocrx_word' id='word_1_16' title='bbox 486 459 641 539; x_wconf 92' lang='lat' dir='ltr'><strong>suspendio</strong></span> <span class='ocrx_word' id='word_1_17' title='bbox 661 461 745 520; x_wconf 83' lang='lat' dir='ltr'><strong>vitam</strong></span> <span class='ocrx_word' id='word_1_18' title='bbox 761 457 1042 537; x_wconf 62' lang='lat' dir='ltr'><strong>transcurrendae</strong></span> <span class='ocrx_word' id='word_1_19' title='bbox 1055 477 1091 520; x_wconf 80' lang='lat' dir='ltr'><strong>se</strong></span> 
     </span>
     <span class='ocr_line' id='line_1_4' title="bbox 95 541 1088 624; baseline -0.001 -19"><span class='ocrx_word' id='word_1_20' title='bbox 95 546 133 606; x_wconf 91' lang='lat' dir='ltr'><strong>ait</strong></span> <span class='ocrx_word' id='word_1_21' title='bbox 148 541 284 604; x_wconf 86' lang='lat' dir='ltr'><strong>Piroebee</strong></span> <span class='ocrx_word' id='word_1_22' title='bbox 297 550 417 622; x_wconf 84' lang='lat' dir='ltr'><strong>patrem</strong></span> <span class='ocrx_word' id='word_1_23' title='bbox 430 542 540 621; x_wconf 80' lang='lat' dir='ltr'><strong>scisse.</strong></span> <span class='ocrx_word' id='word_1_24' title='bbox 573 544 735 621; x_wconf 80' lang='lat' dir='ltr'><strong>lielegatae</strong></span> <span class='ocrx_word' id='word_1_25' title='bbox 751 561 831 602; x_wconf 89' lang='lat' dir='ltr'><strong>usum</strong></span> <span class='ocrx_word' id='word_1_26' title='bbox 846 544 904 602; x_wconf 84' lang='lat' dir='ltr'><strong>vini</strong></span> <span class='ocrx_word' id='word_1_27' title='bbox 920 560 1088 624; x_wconf 90' lang='lat' dir='ltr'><strong>omnemque</strong></span> 
     </span>
     <span class='ocr_line' id='line_1_5' title="bbox 95 626 1088 706; baseline -0.001 -16"><span class='ocrx_word' id='word_1_28' title='bbox 95 628 292 690; x_wconf 80' lang='lat' dir='ltr'><strong>delicatiorem</strong></span> <span class='ocrx_word' id='word_1_29' title='bbox 306 627 410 688; x_wconf 90' lang='lat' dir='ltr'><strong>cultum</strong></span> <span class='ocrx_word' id='word_1_30' title='bbox 425 626 529 688; x_wconf 81' lang='lat' dir='ltr'><strong>ademit</strong></span> <span class='ocrx_word' id='word_1_31' title='bbox 542 645 636 706; x_wconf 91' lang='lat' dir='ltr'><strong>neque</strong></span> <span class='ocrx_word' id='word_1_32' title='bbox 652 627 723 688; x_wconf 91' lang='lat' dir='ltr'><strong>adiri</strong></span> <span class='ocrx_word' id='word_1_33' title='bbox 737 645 753 687; x_wconf 88' lang='lat' dir='ltr'><strong>a</strong></span> <span class='ocrx_word' id='word_1_34' title='bbox 769 628 904 706; x_wconf 88' lang='lat' dir='ltr'><strong>quopiam</strong></span> <span class='ocrx_word' id='word_1_35' title='bbox 918 627 1012 689; x_wconf 89' lang='lat' dir='ltr'><strong>libero</strong></span> <span class='ocrx_word' id='word_1_36' title='bbox 1028 647 1088 689; x_wconf 87' lang='lat' dir='ltr'><strong>ser·</strong></span> 
     </span>
     <span class='ocr_line' id='line_1_6' title="bbox 73 711 1090 791; baseline 0 -21"><span class='ocrx_word' id='word_1_37' title='bbox 73 731 181 790; x_wconf 81' lang='lat' dir='ltr'><strong>crore,</strong></span> <span class='ocrx_word' id='word_1_38' title='bbox 195 713 249 772; x_wconf 91' lang='lat' dir='ltr'><strong>uisi</strong></span> <span class='ocrx_word' id='word_1_39' title='bbox 265 731 297 771; x_wconf 94' lang='lat' dir='ltr'><strong>se</strong></span> <span class='ocrx_word' id='word_1_40' title='bbox 314 711 457 788; x_wconf 87' lang='lat' dir='ltr'><strong>consulto,</strong></span> <span class='ocrx_word' id='word_1_41' title='bbox 469 712 607 790; x_wconf 83' lang='lat' dir='ltr'><strong>permisit,</strong></span> <span class='ocrx_word' id='word_1_42' title='bbox 622 713 702 771; x_wconf 91' lang='lat' dir='ltr'><strong>etita</strong></span> <span class='ocrx_word' id='word_1_43' title='bbox 717 720 748 770; x_wconf 91' lang='lat' dir='ltr'><strong>ut</strong></span> <span class='ocrx_word' id='word_1_44' title='bbox 763 713 870 771; x_wconf 80' lang='lat' dir='ltr'><strong>certior</strong></span> <span class='ocrx_word' id='word_1_45' title='bbox 885 713 979 790; x_wconf 89' lang='lat' dir='ltr'><strong>lieret,</strong></span> <span class='ocrx_word' id='word_1_46' title='bbox 993 731 1049 791; x_wconf 83' lang='lat' dir='ltr'><strong>qua</strong></span> <span class='ocrx_word' id='word_1_47' title='bbox 1065 713 1090 771; x_wconf 89' lang='lat' dir='ltr'><strong>is</strong></span> 
     </span>
     <span class='ocr_line' id='line_1_7' title="bbox 96 795 1090 877; baseline -0.004 -18"><span class='ocrx_word' id='word_1_48' title='bbox 96 805 275 876; x_wconf 65' lang='lat' dir='ltr'><strong>aetateque</strong></span> <span class='ocrx_word' id='word_1_49' title='bbox 293 805 415 872; x_wconf 93' lang='lat' dir='ltr'><strong>statura,</strong></span> <span class='ocrx_word' id='word_1_50' title='bbox 435 813 491 875; x_wconf 94' lang='lat' dir='ltr'><strong>quo</strong></span> <span class='ocrx_word' id='word_1_51' title='bbox 508 795 610 856; x_wconf 93' lang='lat' dir='ltr'><strong>colore</strong></span> <span class='ocrx_word' id='word_1_52' title='bbox 626 803 715 872; x_wconf 87' lang='lat' dir='ltr'><strong>esset,</strong></span> <span class='ocrx_word' id='word_1_53' title='bbox 736 797 822 856; x_wconf 89' lang='lat' dir='ltr'><strong>etiam</strong></span> <span class='ocrx_word' id='word_1_54' title='bbox 837 795 939 874; x_wconf 88' lang='lat' dir='ltr'><strong>quibus</strong></span> <span class='ocrx_word' id='word_1_55' title='bbox 958 799 1090 877; x_wconf 89' lang='lat' dir='ltr'><strong>corporis</strong></span> 
     </span>
     <span class='ocr_line' id='line_1_8' title="bbox 96 880 1091 959; baseline -0.003 -17"><span class='ocrx_word' id='word_1_56' title='bbox 96 883 172 942; x_wconf 92' lang='lat' dir='ltr'><strong>notis</strong></span> <span class='ocrx_word' id='word_1_57' title='bbox 183 880 232 941; x_wconf 85' lang='lat' dir='ltr'><strong>rel</strong></span> <span class='ocrx_word' id='word_1_58' title='bbox 247 880 438 941; x_wconf 88' lang='lat' dir='ltr'><strong>cicatricibus.</strong></span> <span class='ocrx_word' id='word_1_59' title='bbox 462 880 530 940; x_wconf 83' lang='lat' dir='ltr'><strong>Post</strong></span> <span class='ocrx_word' id='word_1_60' title='bbox 545 880 765 959; x_wconf 85' lang='lat' dir='ltr'><strong>quinquennium</strong></span> <span class='ocrx_word' id='word_1_61' title='bbox 781 880 892 940; x_wconf 89' lang='lat' dir='ltr'><strong>demum</strong></span> <span class='ocrx_word' id='word_1_62' title='bbox 908 898 946 941; x_wconf 86' lang='lat' dir='ltr'><strong>ex</strong></span> <span class='ocrx_word' id='word_1_63' title='bbox 959 881 1051 942; x_wconf 91' lang='lat' dir='ltr'><strong>insula</strong></span> <span class='ocrx_word' id='word_1_64' title='bbox 1062 883 1091 940; x_wconf 92' lang='lat' dir='ltr'><strong>in</strong></span> 
     </span>
     <span class='ocr_line' id='line_1_9' title="bbox 97 963 1089 1044; baseline -0.004 -18"><span class='ocrx_word' id='word_1_65' title='bbox 97 967 290 1026; x_wconf 89' lang='lat' dir='ltr'><strong>continentem</strong></span> <span class='ocrx_word' id='word_1_66' title='bbox 303 965 521 1044; x_wconf 91' lang='lat' dir='ltr'><strong>lenioribusque</strong></span> <span class='ocrx_word' id='word_1_67' title='bbox 535 964 619 1044; x_wconf 88' lang='lat' dir='ltr'><strong>paulo</strong></span> <span class='ocrx_word' id='word_1_68' title='bbox 635 963 852 1026; x_wconf 82' lang='lat' dir='ltr'><strong>condicionibus</strong></span> <span class='ocrx_word' id='word_1_69' title='bbox 861 965 1004 1026; x_wconf 82' lang='lat' dir='ltr'><strong>transtulit</strong></span> <span class='ocrx_word' id='word_1_70' title='bbox 1018 983 1089 1026; x_wconf 88' lang='lat' dir='ltr'><strong>eam.</strong></span> 
     </span>
     <span class='ocr_line' id='line_1_10' title="bbox 95 1047 1089 1127; baseline -0.002 -17"><span class='ocrx_word' id='word_1_71' title='bbox 95 1050 168 1112; x_wconf 89' lang='lat' dir='ltr'><strong>Nam</strong></span> <span class='ocrx_word' id='word_1_72' title='bbox 190 1059 221 1109; x_wconf 91' lang='lat' dir='ltr'><strong>ut</strong></span> <span class='ocrx_word' id='word_1_73' title='bbox 243 1050 356 1109; x_wconf 90' lang='lat' dir='ltr'><strong>omnino</strong></span> <span class='ocrx_word' id='word_1_74' title='bbox 377 1057 547 1127; x_wconf 86' lang='lat' dir='ltr'><strong>revocaret,</strong></span> <span class='ocrx_word' id='word_1_75' title='bbox 570 1049 686 1109; x_wconf 87' lang='lat' dir='ltr'><strong>exorari</strong></span> <span class='ocrx_word' id='word_1_76' title='bbox 707 1047 785 1108; x_wconf 96' lang='lat' dir='ltr'><strong>nullo</strong></span> <span class='ocrx_word' id='word_1_77' title='bbox 808 1049 893 1108; x_wconf 92' lang='lat' dir='ltr'><strong>modo</strong></span> <span class='ocrx_word' id='word_1_78' title='bbox 911 1050 1019 1126; x_wconf 94' lang='lat' dir='ltr'><strong>potuit,</strong></span> <span class='ocrx_word' id='word_1_79' title='bbox 1041 1048 1089 1108; x_wconf 91' lang='lat' dir='ltr'><strong>de·</strong></span> 
     </span>
     <span class='ocr_line' id='line_1_11' title="bbox 61 1132 1088 1215; baseline -0.002 -22"><span class='ocrx_word' id='word_1_80' title='bbox 61 1153 85 1195; x_wconf 82' lang='lat' dir='ltr'><strong>to</strong></span> <span class='ocrx_word' id='word_1_81' title='bbox 97 1133 229 1215; x_wconf 85' lang='lat' dir='ltr'><strong>precanti</strong></span> <span class='ocrx_word' id='word_1_82' title='bbox 249 1151 338 1213; x_wconf 89' lang='lat' dir='ltr'><strong>saepe</strong></span> <span class='ocrx_word' id='word_1_83' title='bbox 354 1133 384 1192; x_wconf 89' lang='lat' dir='ltr'><strong>P.</strong></span> <span class='ocrx_word' id='word_1_84' title='bbox 400 1133 435 1194; x_wconf 81' lang='lat' dir='ltr'><strong>li.</strong></span> <span class='ocrx_word' id='word_1_85' title='bbox 459 1143 488 1194; x_wconf 91' lang='lat' dir='ltr'><strong>et</strong></span> <span class='ocrx_word' id='word_1_86' title='bbox 502 1135 676 1213; x_wconf 83' lang='lat' dir='ltr'><strong>pertinacius</strong></span> <span class='ocrx_word' id='word_1_87' title='bbox 694 1134 808 1192; x_wconf 88' lang='lat' dir='ltr'><strong>instanti</strong></span> <span class='ocrx_word' id='word_1_88' title='bbox 824 1132 897 1192; x_wconf 91' lang='lat' dir='ltr'><strong>tales</strong></span> <span class='ocrx_word' id='word_1_89' title='bbox 913 1132 986 1192; x_wconf 92' lang='lat' dir='ltr'><strong>iilias</strong></span> <span class='ocrx_word' id='word_1_90' title='bbox 1001 1132 1088 1192; x_wconf 89' lang='lat' dir='ltr'><strong>tales·</strong></span> 
     </span>
     <span class='ocr_line' id='line_1_12' title="bbox 56 1215 1092 1299; baseline -0.005 -19"><span class='ocrx_word' id='word_1_91' title='bbox 56 1243 57 1246; x_wconf 43' lang='lat'>¹</span> <span class='ocrx_word' id='word_1_92' title='bbox 95 1237 153 1299; x_wconf 90' lang='lat' dir='ltr'><strong>que</strong></span> <span class='ocrx_word' id='word_1_93' title='bbox 177 1218 315 1295; x_wconf 81' lang='lat' dir='ltr'><strong>coniuges</strong></span> <span class='ocrx_word' id='word_1_94' title='bbox 338 1235 391 1297; x_wconf 93' lang='lat' dir='ltr'><strong>pro</strong></span> <span class='ocrx_word' id='word_1_95' title='bbox 408 1219 541 1278; x_wconf 93' lang='lat' dir='ltr'><strong>contione</strong></span> <span class='ocrx_word' id='word_1_96' title='bbox 561 1220 737 1297; x_wconf 88' lang='lat' dir='ltr'><strong>inprecatus.</strong></span> <span class='ocrx_word' id='word_1_97' title='bbox 768 1215 814 1276; x_wconf 78' lang='lat' dir='ltr'><strong>lin</strong></span> <span class='ocrx_word' id='word_1_98' title='bbox 831 1225 921 1294; x_wconf 90' lang='lat' dir='ltr'><strong>nepte</strong></span> <span class='ocrx_word' id='word_1_99' title='bbox 934 1215 1007 1277; x_wconf 94' lang='lat' dir='ltr'><strong>iulia</strong></span> <span class='ocrx_word' id='word_1_100' title='bbox 1024 1225 1092 1294; x_wconf 88' lang='lat' dir='ltr'><strong>post</strong></span> 
     </span>
     <span class='ocr_line' id='line_1_13' title="bbox 94 1300 1090 1379; baseline -0.006 -15"><span class='ocrx_word' id='word_1_101' title='bbox 94 1303 305 1364; x_wconf 89' lang='lat' dir='ltr'><strong>damnationem</strong></span> <span class='ocrx_word' id='word_1_102' title='bbox 320 1301 425 1361; x_wconf 90' lang='lat' dir='ltr'><strong>editum</strong></span> <span class='ocrx_word' id='word_1_103' title='bbox 439 1301 575 1360; x_wconf 83' lang='lat' dir='ltr'><strong>infantem</strong></span> <span class='ocrx_word' id='word_1_104' title='bbox 591 1300 731 1378; x_wconf 83' lang='lat' dir='ltr'><strong>adgnosci</strong></span> <span class='ocrx_word' id='word_1_105' title='bbox 748 1301 843 1378; x_wconf 89' lang='lat' dir='ltr'><strong>alique</strong></span> <span class='ocrx_word' id='word_1_106' title='bbox 858 1301 967 1378; x_wconf 59' lang='lat' dir='ltr'><strong>vetuit,</strong></span> <span class='ocrx_word' id='word_1_107' title='bbox 984 1300 1090 1379; x_wconf 78' lang='lat' dir='ltr'><strong>Agrip-</strong></span> 
     </span>
     <span class='ocr_line' id='line_1_14' title="bbox 18 1384 1091 1466; baseline -0.007 -16"><span class='ocrx_word' id='word_1_108' title='bbox 18 1433 24 1450; x_wconf 64' lang='lat'><strong>,</strong></span> <span class='ocrx_word' id='word_1_109' title='bbox 95 1405 162 1466; x_wconf 94' lang='lat' dir='ltr'><strong>parn</strong></span> <span class='ocrx_word' id='word_1_110' title='bbox 184 1385 270 1445; x_wconf 89' lang='lat' dir='ltr'><strong>nihilo</strong></span> <span class='ocrx_word' id='word_1_111' title='bbox 285 1384 526 1462; x_wconf 84' lang='lat' dir='ltr'><strong>tractabiliorem,</strong></span> <span class='ocrx_word' id='word_1_112' title='bbox 548 1386 632 1444; x_wconf 90' lang='lat' dir='ltr'><strong>immo</strong></span> <span class='ocrx_word' id='word_1_113' title='bbox 648 1387 676 1443; x_wconf 91' lang='lat' dir='ltr'><strong>iu</strong></span> <span class='ocrx_word' id='word_1_114' title='bbox 692 1384 754 1444; x_wconf 90' lang='lat' dir='ltr'><strong>dies</strong></span> <span class='ocrx_word' id='word_1_115' title='bbox 772 1386 959 1444; x_wconf 89' lang='lat' dir='ltr'><strong>amentiorem</strong></span> <span class='ocrx_word' id='word_1_116' title='bbox 974 1386 1002 1443; x_wconf 95' lang='lat' dir='ltr'><strong>in</strong></span> <span class='ocrx_word' id='word_1_117' title='bbox 1017 1385 1091 1456; x_wconf 89' lang='lat' dir='ltr'><strong>iusu-</strong></span> 
     </span>
     <span class='ocr_line' id='line_1_15' title="bbox 93 1467 1093 1548; baseline -0.004 -17"><span class='ocrx_word' id='word_1_118' title='bbox 93 1471 153 1532; x_wconf 90' lang='lat' dir='ltr'><strong>lam</strong></span> <span class='ocrx_word' id='word_1_119' title='bbox 173 1469 378 1548; x_wconf 85' lang='lat' dir='ltr'><strong>transportavit</strong></span> <span class='ocrx_word' id='word_1_120' title='bbox 401 1469 550 1547; x_wconf 87' lang='lat' dir='ltr'><strong>sepsitqne</strong></span> <span class='ocrx_word' id='word_1_121' title='bbox 570 1470 689 1547; x_wconf 91' lang='lat' dir='ltr'><strong>iusuper</strong></span> <span class='ocrx_word' id='word_1_122' title='bbox 713 1467 842 1528; x_wconf 90' lang='lat' dir='ltr'><strong>custodia</strong></span> <span class='ocrx_word' id='word_1_123' title='bbox 856 1467 982 1529; x_wconf 90' lang='lat' dir='ltr'><strong>militum.</strong></span> <span class='ocrx_word' id='word_1_124' title='bbox 1011 1467 1093 1528; x_wconf 78' lang='lat' dir='ltr'><strong>Cavit</strong></span> 
     </span>
     <span class='ocr_line' id='line_1_16' title="bbox 57 1550 1190 1632; baseline -0.004 -17"><span class='ocrx_word' id='word_1_125' title='bbox 57 1573 84 1615; x_wconf 82' lang='lat' dir='ltr'><strong>to</strong></span> <span class='ocrx_word' id='word_1_126' title='bbox 96 1555 182 1614; x_wconf 93' lang='lat' dir='ltr'><strong>etiam</strong></span> <span class='ocrx_word' id='word_1_127' title='bbox 198 1554 226 1613; x_wconf 91' lang='lat' dir='ltr'><strong>S.</strong></span> <span class='ocrx_word' id='word_1_128' title='bbox 244 1550 277 1613; x_wconf 81' lang='lat' dir='ltr'><strong>(l.</strong></span> <span class='ocrx_word' id='word_1_129' title='bbox 292 1561 323 1612; x_wconf 92' lang='lat' dir='ltr'><strong>ut</strong></span> <span class='ocrx_word' id='word_1_130' title='bbox 337 1552 439 1613; x_wconf 89' lang='lat' dir='ltr'><strong>eodem</strong></span> <span class='ocrx_word' id='word_1_131' title='bbox 455 1553 514 1613; x_wconf 93' lang='lat' dir='ltr'><strong>loci</strong></span> <span class='ocrx_word' id='word_1_132' title='bbox 533 1555 561 1612; x_wconf 93' lang='lat' dir='ltr'><strong>in</strong></span> <span class='ocrx_word' id='word_1_133' title='bbox 584 1562 755 1632; x_wconf 91' lang='lat' dir='ltr'><strong>perpetuum</strong></span> <span class='ocrx_word' id='word_1_134' title='bbox 777 1553 987 1629; x_wconf 87' lang='lat' dir='ltr'><strong>contineretur,</strong></span> <span class='ocrx_word' id='word_1_135' title='bbox 1005 1562 1092 1632; x_wconf 92' lang='lat' dir='ltr'><strong>atque</strong></span> <span class='ocrx_word' id='word_1_136' title='bbox 1187 1593 1190 1600; x_wconf 60' lang='grc'>.</span> 
     </span>
     <span class='ocr_line' id='line_1_17' title="bbox 95 1636 1092 1716; baseline -0.001 -18"><span class='ocrx_word' id='word_1_137' title='bbox 95 1637 133 1698; x_wconf 88' lang='lat' dir='ltr'><strong>ad</strong></span> <span class='ocrx_word' id='word_1_138' title='bbox 154 1653 266 1695; x_wconf 92' lang='lat' dir='ltr'><strong>omnem</strong></span> <span class='ocrx_word' id='word_1_139' title='bbox 287 1645 316 1696; x_wconf 92' lang='lat' dir='ltr'><strong>et</strong></span> <span class='ocrx_word' id='word_1_140' title='bbox 335 1638 396 1696; x_wconf 91' lang='lat' dir='ltr'><strong>eius</strong></span> <span class='ocrx_word' id='word_1_141' title='bbox 418 1645 446 1696; x_wconf 89' lang='lat' dir='ltr'><strong>et</strong></span> <span class='ocrx_word' id='word_1_142' title='bbox 459 1636 592 1697; x_wconf 88' lang='lat' dir='ltr'><strong>luliarum</strong></span> <span class='ocrx_word' id='word_1_143' title='bbox 609 1637 781 1697; x_wconf 90' lang='lat' dir='ltr'><strong>mentionem</strong></span> <span class='ocrx_word' id='word_1_144' title='bbox 798 1637 1008 1715; x_wconf 86' lang='lat' dir='ltr'><strong>ingemiscens,</strong></span> <span class='ocrx_word' id='word_1_145' title='bbox 1025 1654 1092 1716; x_wconf 90' lang='lat' dir='ltr'><strong>pro·</strong></span> 
     </span>
     <span class='ocr_line' id='line_1_18' title="bbox 95 1719 463 1782; baseline 0.003 -2"><span class='ocrx_word' id='word_1_146' title='bbox 95 1719 222 1780; x_wconf 90' lang='lat' dir='ltr'><strong>clamare</strong></span> <span class='ocrx_word' id='word_1_147' title='bbox 237 1721 321 1780; x_wconf 90' lang='lat' dir='ltr'><strong>etiarn</strong></span> <span class='ocrx_word' id='word_1_148' title='bbox 335 1720 463 1782; x_wconf 87' lang='lat' dir='ltr'><strong>solebat:</strong></span> 
     </span>
     <span class='ocr_line' id='line_1_19' title="bbox 133 1790 1059 1884; baseline 0.001 -21"><span class='ocrx_word' id='word_1_149' title='bbox 133 1790 211 1864; x_wconf 74' lang='lat' dir='ltr'><strong>Alii&#39;</strong></span> <span class='ocrx_word' id='word_1_150' title='bbox 229 1792 353 1882; x_wconf 79' lang='grc' dir='ltr'><strong><em>ὄφελον</em></strong></span> <span class='ocrx_word' id='word_1_151' title='bbox 369 1794 493 1884; x_wconf 78' lang='grc' dir='ltr'><em>ἄγαμός</em></span> <span class='ocrx_word' id='word_1_152' title='bbox 507 1793 532 1864; x_wconf 82' lang='grc' dir='ltr'><strong>τ’</strong></span> <span class='ocrx_word' id='word_1_153' title='bbox 549 1804 661 1884; x_wconf 78' lang='grc' dir='ltr'><strong><em>ἔμεναι</em></strong></span> <span class='ocrx_word' id='word_1_154' title='bbox 679 1794 800 1884; x_wconf 75' lang='grc' dir='ltr'><em>ἄγονός</em></span> <span class='ocrx_word' id='word_1_155' title='bbox 812 1793 839 1864; x_wconf 80' lang='grc' dir='ltr'><strong>τ’</strong></span> <span class='ocrx_word' id='word_1_156' title='bbox 855 1794 1059 1866; x_wconf 61' lang='lat' dir='ltr'><strong>denotarent</strong></span> 
     </span>
     <span class='ocr_line' id='line_1_20' title="bbox 94 1886 1093 1967; baseline 0.001 -20"><span class='ocrx_word' id='word_1_157' title='bbox 94 1904 154 1947; x_wconf 88' lang='lat' dir='ltr'><strong>nec</strong></span> <span class='ocrx_word' id='word_1_158' title='bbox 175 1886 258 1946; x_wconf 91' lang='lat' dir='ltr'><strong>aliter</strong></span> <span class='ocrx_word' id='word_1_159' title='bbox 273 1905 325 1947; x_wconf 92' lang='lat' dir='ltr'><strong>eos</strong></span> <span class='ocrx_word' id='word_1_160' title='bbox 341 1888 508 1967; x_wconf 91' lang='lat' dir='ltr'><strong>appellare,</strong></span> <span class='ocrx_word' id='word_1_161' title='bbox 531 1907 614 1967; x_wconf 91' lang='lat' dir='ltr'><strong>quarn</strong></span> <span class='ocrx_word' id='word_1_162' title='bbox 629 1890 680 1947; x_wconf 88' lang='lat' dir='ltr'><strong>tris</strong></span> <span class='ocrx_word' id='word_1_163' title='bbox 697 1890 825 1948; x_wconf 86' lang='lat' dir='ltr'><strong>vomicas</strong></span> <span class='ocrx_word' id='word_1_164' title='bbox 843 1905 877 1947; x_wconf 92' lang='lat' dir='ltr'><strong>ac</strong></span> <span class='ocrx_word' id='word_1_165' title='bbox 893 1890 947 1948; x_wconf 88' lang='lat' dir='ltr'><strong>tria</strong></span> <span class='ocrx_word' id='word_1_166' title='bbox 963 1891 1093 1948; x_wconf 87' lang='lat' dir='ltr'><strong>carcino-</strong></span> 
     </span>
     <span class='ocr_line' id='line_1_21' title="bbox 55 1980 250 2033; baseline -0.015 0"><span class='ocrx_word' id='word_1_167' title='bbox 55 1992 83 2033; x_wconf 83' lang='lat' dir='ltr'><strong>ao</strong></span> <span class='ocrx_word' id='word_1_168' title='bbox 96 1980 176 2032; x_wconf 89' lang='lat' dir='ltr'><strong>mata</strong></span> <span class='ocrx_word' id='word_1_169' title='bbox 190 1989 250 2032; x_wconf 89' lang='lat' dir='ltr'><strong>sua.</strong></span> 
     </span>
    </p>

    <p class='ocr_par' dir='ltr' id='par_1_3' title="bbox 94 2053 1136 2387">
     <span class='ocr_line' id='line_1_22' title="bbox 160 2053 1136 2135; baseline 0.004 -21"><span class='ocrx_word' id='word_1_170' title='bbox 160 2053 309 2115; x_wconf 76' lang='lat' dir='ltr'><strong>Amicitias</strong></span> <span class='ocrx_word' id='word_1_171' title='bbox 330 2073 423 2135; x_wconf 92' lang='lat' dir='ltr'><strong>neque</strong></span> <span class='ocrx_word' id='word_1_172' title='bbox 447 2055 534 2115; x_wconf 89' lang='lat' dir='ltr'><strong>iacile</strong></span> <span class='ocrx_word' id='word_1_173' title='bbox 552 2053 663 2114; x_wconf 91' lang='lat' dir='ltr'><strong>admisit</strong></span> <span class='ocrx_word' id='word_1_174' title='bbox 676 2065 705 2115; x_wconf 87' lang='lat' dir='ltr'><strong>et</strong></span> <span class='ocrx_word' id='word_1_175' title='bbox 721 2055 950 2115; x_wconf 89' lang='lat' dir='ltr'><strong>constantissime</strong></span> <span class='ocrx_word' id='word_1_176' title='bbox 965 2055 1092 2131; x_wconf 79' lang='lat' dir='ltr'><strong>retinuit,</strong></span> <span class='ocrx_word' id='word_1_177' title='bbox 1102 2063 1136 2118; x_wconf 77' lang='grc'><strong>66</strong></span> 
     </span>
     <span class='ocr_line' id='line_1_23' title="bbox 94 2138 1094 2220; baseline -0.002 -20"><span class='ocrx_word' id='word_1_178' title='bbox 94 2155 157 2200; x_wconf 93' lang='lat' dir='ltr'><strong>non</strong></span> <span class='ocrx_word' id='word_1_179' title='bbox 182 2148 287 2200; x_wconf 92' lang='lat' dir='ltr'><strong>tantum</strong></span> <span class='ocrx_word' id='word_1_180' title='bbox 312 2141 432 2200; x_wconf 80' lang='lat' dir='ltr'><strong>virtutes</strong></span> <span class='ocrx_word' id='word_1_181' title='bbox 456 2155 491 2199; x_wconf 91' lang='lat' dir='ltr'><strong>ac</strong></span> <span class='ocrx_word' id='word_1_182' title='bbox 512 2140 613 2198; x_wconf 90' lang='lat' dir='ltr'><strong>merita</strong></span> <span class='ocrx_word' id='word_1_183' title='bbox 637 2141 775 2220; x_wconf 90' lang='lat' dir='ltr'><strong>cuiusque</strong></span> <span class='ocrx_word' id='word_1_184' title='bbox 797 2138 883 2214; x_wconf 81' lang='lat' dir='ltr'><strong>digne</strong></span> <span class='ocrx_word' id='word_1_185' title='bbox 910 2147 1094 2217; x_wconf 85' lang='lat' dir='ltr'><strong>prosecutus,</strong></span> 
     </span>
     <span class='ocr_line' id='line_1_24' title="bbox 96 2221 1093 2303; baseline -0.001 -20"><span class='ocrx_word' id='word_1_186' title='bbox 96 2222 152 2284; x_wconf 88' lang='lat' dir='ltr'><strong>sed</strong></span> <span class='ocrx_word' id='word_1_187' title='bbox 171 2223 239 2284; x_wconf 85' lang='lat' dir='ltr'><strong>vitia</strong></span> <span class='ocrx_word' id='word_1_188' title='bbox 261 2240 375 2303; x_wconf 91' lang='lat' dir='ltr'><strong>quoque</strong></span> <span class='ocrx_word' id='word_1_189' title='bbox 395 2231 424 2284; x_wconf 86' lang='lat' dir='ltr'><strong>et</strong></span> <span class='ocrx_word' id='word_1_190' title='bbox 446 2221 566 2299; x_wconf 90' lang='lat' dir='ltr'><strong>delicta,</strong></span> <span class='ocrx_word' id='word_1_191' title='bbox 591 2221 751 2283; x_wconf 86' lang='lat' dir='ltr'><strong>dumtaxat</strong></span> <span class='ocrx_word' id='word_1_192' title='bbox 770 2221 899 2298; x_wconf 89' lang='lat' dir='ltr'><strong>modica,</strong></span> <span class='ocrx_word' id='word_1_193' title='bbox 924 2239 1093 2301; x_wconf 62' lang='lat' dir='ltr'><strong>perpessus.</strong></span> 
     </span>
     <span class='ocr_line' id='line_1_25' title="bbox 94 2305 1095 2387; baseline -0.003 -19"><span class='ocrx_word' id='word_1_194' title='bbox 94 2305 200 2387; x_wconf 84' lang='lat' dir='ltr'><strong>Neque</strong></span> <span class='ocrx_word' id='word_1_195' title='bbox 224 2308 299 2366; x_wconf 92' lang='lat' dir='ltr'><strong>enim</strong></span> <span class='ocrx_word' id='word_1_196' title='bbox 319 2315 428 2368; x_wconf 89' lang='lat' dir='ltr'><strong>temere</strong></span> <span class='ocrx_word' id='word_1_197' title='bbox 450 2325 488 2366; x_wconf 84' lang='lat' dir='ltr'><strong>ex</strong></span> <span class='ocrx_word' id='word_1_198' title='bbox 508 2308 583 2366; x_wconf 93' lang='lat' dir='ltr'><strong>omni</strong></span> <span class='ocrx_word' id='word_1_199' title='bbox 602 2323 720 2366; x_wconf 87' lang='lat' dir='ltr'><strong>numero</strong></span> <span class='ocrx_word' id='word_1_200' title='bbox 738 2307 766 2366; x_wconf 89' lang='lat' dir='ltr'><strong>iu</strong></span> <span class='ocrx_word' id='word_1_201' title='bbox 781 2305 980 2368; x_wconf 85' lang='lat' dir='ltr'><strong>amicitiaeiua</strong></span> <span class='ocrx_word' id='word_1_202' title='bbox 996 2305 1095 2368; x_wconf 86' lang='lat' dir='ltr'><strong>aliiicii</strong></span> 
     </span>
    </p>

    <p class='ocr_par' dir='ltr' id='par_1_4' title="bbox 57 2389 1099 3562">
     <span class='ocr_line' id='line_1_26' title="bbox 57 2389 1095 2471; baseline 0.005 -26"><span class='ocrx_word' id='word_1_203' title='bbox 57 2405 85 2445; x_wconf 78' lang='lat' dir='ltr'><strong>aa</strong></span> <span class='ocrx_word' id='word_1_204' title='bbox 95 2393 281 2470; x_wconf 89' lang='lat' dir='ltr'><strong>reperientur</strong></span> <span class='ocrx_word' id='word_1_205' title='bbox 297 2401 414 2471; x_wconf 88' lang='lat' dir='ltr'><strong>praeter</strong></span> <span class='ocrx_word' id='word_1_206' title='bbox 428 2389 621 2452; x_wconf 80' lang='lat' dir='ltr'><strong>Salvidienum</strong></span> <span class='ocrx_word' id='word_1_207' title='bbox 636 2391 750 2468; x_wconf 86' lang='lat' dir='ltr'><strong>Rufum,</strong></span> <span class='ocrx_word' id='word_1_208' title='bbox 767 2407 851 2470; x_wconf 93' lang='lat' dir='ltr'><strong>quem</strong></span> <span class='ocrx_word' id='word_1_209' title='bbox 866 2389 903 2450; x_wconf 88' lang='lat' dir='ltr'><strong>ad</strong></span> <span class='ocrx_word' id='word_1_210' title='bbox 912 2391 1095 2452; x_wconf 87' lang='lat' dir='ltr'><strong>consulatum</strong></span> 
     </span>
     <span class='ocr_line' id='line_1_27' title="bbox 94 2473 1094 2556; baseline 0 -22"><span class='ocrx_word' id='word_1_211' title='bbox 94 2493 199 2554; x_wconf 86' lang='lat' dir='ltr'><strong>usque,</strong></span> <span class='ocrx_word' id='word_1_212' title='bbox 218 2483 247 2535; x_wconf 87' lang='lat' dir='ltr'><strong>et</strong></span> <span class='ocrx_word' id='word_1_213' title='bbox 264 2474 429 2537; x_wconf 83' lang='lat' dir='ltr'><strong>Cornelium</strong></span> <span class='ocrx_word' id='word_1_214' title='bbox 443 2473 564 2551; x_wconf 85' lang='lat' dir='ltr'><strong>Gallum,</strong></span> <span class='ocrx_word' id='word_1_215' title='bbox 581 2493 665 2554; x_wconf 92' lang='lat' dir='ltr'><strong>quem</strong></span> <span class='ocrx_word' id='word_1_216' title='bbox 680 2475 715 2535; x_wconf 90' lang='lat' dir='ltr'><strong>ad</strong></span> <span class='ocrx_word' id='word_1_217' title='bbox 730 2475 942 2554; x_wconf 83' lang='lat' dir='ltr'><strong>praefecturam</strong></span> <span class='ocrx_word' id='word_1_218' title='bbox 954 2473 1094 2556; x_wconf 76' lang='lat' dir='ltr'><strong>Aegypti,</strong></span> 
     </span>
     <span class='ocr_line' id='line_1_28' title="bbox 95 2559 1095 2639; baseline 0 -21"><span class='ocrx_word' id='word_1_219' title='bbox 95 2577 137 2618; x_wconf 87' lang='lat' dir='ltr'><strong>ex</strong></span> <span class='ocrx_word' id='word_1_220' title='bbox 161 2559 256 2618; x_wconf 91' lang='lat' dir='ltr'><strong>inlima</strong></span> <span class='ocrx_word' id='word_1_221' title='bbox 277 2567 427 2639; x_wconf 87' lang='lat' dir='ltr'><strong>utrumque</strong></span> <span class='ocrx_word' id='word_1_222' title='bbox 450 2560 563 2619; x_wconf 91' lang='lat' dir='ltr'><strong>iortuna</strong></span> <span class='ocrx_word' id='word_1_223' title='bbox 585 2568 770 2638; x_wconf 85' lang='lat' dir='ltr'><strong>provexerat.</strong></span> <span class='ocrx_word' id='word_1_224' title='bbox 821 2559 949 2634; x_wconf 86' lang='lat' dir='ltr'><strong>Quorum</strong></span> <span class='ocrx_word' id='word_1_225' title='bbox 975 2559 1095 2620; x_wconf 91' lang='lat' dir='ltr'><strong>alterum</strong></span> 
     </span>
     <span class='ocr_line' id='line_1_29' title="bbox 96 2641 1095 2720; baseline -0.001 -17"><span class='ocrx_word' id='word_1_226' title='bbox 96 2660 148 2703; x_wconf 91' lang='lat' dir='ltr'><strong>res</strong></span> <span class='ocrx_word' id='word_1_227' title='bbox 170 2658 260 2702; x_wconf 88' lang='lat' dir='ltr'><strong>novas</strong></span> <span class='ocrx_word' id='word_1_228' title='bbox 282 2643 447 2704; x_wconf 88' lang='lat' dir='ltr'><strong>molientem</strong></span> <span class='ocrx_word' id='word_1_229' title='bbox 467 2641 651 2702; x_wconf 88' lang='lat' dir='ltr'><strong>damnandum</strong></span> <span class='ocrx_word' id='word_1_230' title='bbox 672 2644 783 2704; x_wconf 91' lang='lat' dir='ltr'><strong>senatui</strong></span> <span class='ocrx_word' id='word_1_231' title='bbox 803 2643 935 2720; x_wconf 86' lang='lat' dir='ltr'><strong>tradidit,</strong></span> <span class='ocrx_word' id='word_1_232' title='bbox 958 2642 1040 2704; x_wconf 88' lang='lat' dir='ltr'><strong>alteri</strong></span> <span class='ocrx_word' id='word_1_233' title='bbox 1057 2643 1095 2703; x_wconf 95' lang='lat' dir='ltr'><strong>ob</strong></span> 
     </span>
     <span class='ocr_line' id='line_1_30' title="bbox 95 2726 1095 2808; baseline 0.002 -24"><span class='ocrx_word' id='word_1_234' title='bbox 95 2728 241 2802; x_wconf 78' lang='lat' dir='ltr'><strong>ingratum</strong></span> <span class='ocrx_word' id='word_1_235' title='bbox 255 2735 284 2785; x_wconf 92' lang='lat' dir='ltr'><strong>et</strong></span> <span class='ocrx_word' id='word_1_236' title='bbox 299 2726 462 2786; x_wconf 86' lang='lat' dir='ltr'><strong>malivolum</strong></span> <span class='ocrx_word' id='word_1_237' title='bbox 477 2728 597 2786; x_wconf 90' lang='lat' dir='ltr'><strong>animum</strong></span> <span class='ocrx_word' id='word_1_238' title='bbox 615 2727 699 2789; x_wconf 92' lang='lat' dir='ltr'><strong>domo</strong></span> <span class='ocrx_word' id='word_1_239' title='bbox 716 2737 745 2788; x_wconf 89' lang='lat' dir='ltr'><strong>et</strong></span> <span class='ocrx_word' id='word_1_240' title='bbox 759 2730 918 2808; x_wconf 84' lang='lat' dir='ltr'><strong>provinciis</strong></span> <span class='ocrx_word' id='word_1_241' title='bbox 934 2727 993 2790; x_wconf 89' lang='lat' dir='ltr'><strong>suis</strong></span> <span class='ocrx_word' id='word_1_242' title='bbox 1008 2728 1095 2786; x_wconf 90' lang='lat' dir='ltr'><strong>inter-</strong></span> 
     </span>
     <span class='ocr_line' id='line_1_31' title="bbox 57 2808 1096 2891; baseline 0.003 -25"><span class='ocrx_word' id='word_1_243' title='bbox 57 2825 85 2866; x_wconf 78' lang='lat' dir='ltr'><strong>eo</strong></span> <span class='ocrx_word' id='word_1_244' title='bbox 97 2808 182 2869; x_wconf 86' lang='lat' dir='ltr'><strong>dixit.</strong></span> <span class='ocrx_word' id='word_1_245' title='bbox 227 2809 286 2870; x_wconf 88' lang='lat' dir='ltr'><strong>Sed</strong></span> <span class='ocrx_word' id='word_1_246' title='bbox 300 2809 393 2884; x_wconf 64' lang='lat' dir='ltr'><strong>Gallo¹</strong></span> <span class='ocrx_word' id='word_1_247' title='bbox 405 2828 520 2891; x_wconf 90' lang='lat' dir='ltr'><strong>quoque</strong></span> <span class='ocrx_word' id='word_1_248' title='bbox 535 2820 565 2870; x_wconf 93' lang='lat' dir='ltr'><strong>et</strong></span> <span class='ocrx_word' id='word_1_249' title='bbox 578 2821 776 2873; x_wconf 85' lang='lat' dir='ltr'><strong>accusatorum</strong></span> <span class='ocrx_word' id='word_1_250' title='bbox 793 2811 1051 2872; x_wconf 81' lang='lat' dir='ltr'><strong>denuntiationibus</strong></span> <span class='ocrx_word' id='word_1_251' title='bbox 1067 2819 1096 2870; x_wconf 91' lang='lat' dir='ltr'><strong>et</strong></span> 
     </span>
     <span class='ocr_line' id='line_1_32' title="bbox 95 2893 1095 2975; baseline 0.003 -23"><span class='ocrx_word' id='word_1_252' title='bbox 95 2901 216 2954; x_wconf 88' lang='lat' dir='ltr'><strong>senatus</strong></span> <span class='ocrx_word' id='word_1_253' title='bbox 236 2893 373 2954; x_wconf 89' lang='lat' dir='ltr'><strong>consultis</strong></span> <span class='ocrx_word' id='word_1_254' title='bbox 388 2895 424 2955; x_wconf 93' lang='lat' dir='ltr'><strong>ad</strong></span> <span class='ocrx_word' id='word_1_255' title='bbox 439 2913 540 2954; x_wconf 87' lang='lat' dir='ltr'><strong>necem</strong></span> <span class='ocrx_word' id='word_1_256' title='bbox 558 2896 713 2975; x_wconf 86' lang='lat' dir='ltr'><strong>conpulso,</strong></span> <span class='ocrx_word' id='word_1_257' title='bbox 735 2896 861 2956; x_wconf 88' lang='lat' dir='ltr'><strong>laudavit</strong></span> <span class='ocrx_word' id='word_1_258' title='bbox 877 2894 991 2974; x_wconf 88' lang='lat' dir='ltr'><strong>quidem</strong></span> <span class='ocrx_word' id='word_1_259' title='bbox 1005 2895 1095 2973; x_wconf 88' lang='lat' dir='ltr'><strong>pieta-</strong></span> 
     </span>
     <span class='ocr_line' id='line_1_33' title="bbox 94 2978 1097 3058; baseline 0 -20"><span class='ocrx_word' id='word_1_260' title='bbox 94 2987 157 3038; x_wconf 89' lang='lat' dir='ltr'><strong>tem</strong></span> <span class='ocrx_word' id='word_1_261' title='bbox 177 2986 328 3057; x_wconf 90' lang='lat' dir='ltr'><strong>tautopere</strong></span> <span class='ocrx_word' id='word_1_262' title='bbox 350 2995 403 3058; x_wconf 92' lang='lat' dir='ltr'><strong>pro</strong></span> <span class='ocrx_word' id='word_1_263' title='bbox 425 2996 458 3038; x_wconf 89' lang='lat' dir='ltr'><strong>se</strong></span> <span class='ocrx_word' id='word_1_264' title='bbox 477 2978 697 3056; x_wconf 81' lang='lat' dir='ltr'><strong>indignantimu,</strong></span> <span class='ocrx_word' id='word_1_265' title='bbox 721 2989 847 3040; x_wconf 88' lang='lat' dir='ltr'><strong>ceterum</strong></span> <span class='ocrx_word' id='word_1_266' title='bbox 864 2988 893 3039; x_wconf 93' lang='lat' dir='ltr'><strong>et</strong></span> <span class='ocrx_word' id='word_1_267' title='bbox 907 2978 1097 3040; x_wconf 79' lang='lat' dir='ltr'><strong>inlacrimauit</strong></span> 
     </span>
     <span class='ocr_line' id='line_1_34' title="bbox 95 3062 1099 3143; baseline 0.004 -23"><span class='ocrx_word' id='word_1_268' title='bbox 95 3069 129 3121; x_wconf 91' lang='lat' dir='ltr'><strong>et</strong></span> <span class='ocrx_word' id='word_1_269' title='bbox 151 3063 246 3121; x_wconf 85' lang='lat' dir='ltr'><strong>ricem</strong></span> <span class='ocrx_word' id='word_1_270' title='bbox 267 3080 346 3122; x_wconf 87' lang='lat' dir='ltr'><strong>suam</strong></span> <span class='ocrx_word' id='word_1_271' title='bbox 371 3071 546 3141; x_wconf 89' lang='lat' dir='ltr'><strong>conquestus</strong></span> <span class='ocrx_word' id='word_1_272' title='bbox 567 3071 627 3140; x_wconf 89' lang='lat' dir='ltr'><strong>est,</strong></span> <span class='ocrx_word' id='word_1_273' title='bbox 650 3062 733 3143; x_wconf 81' lang='lat' dir='ltr'><strong>quod</strong></span> <span class='ocrx_word' id='word_1_274' title='bbox 751 3063 814 3124; x_wconf 82' lang='lat' dir='ltr'><strong>sibi</strong></span> <span class='ocrx_word' id='word_1_275' title='bbox 832 3062 893 3124; x_wconf 82' lang='lat' dir='ltr'><strong>soli</strong></span> <span class='ocrx_word' id='word_1_276' title='bbox 910 3081 972 3124; x_wconf 82' lang='lat' dir='ltr'><strong>oon</strong></span> <span class='ocrx_word' id='word_1_277' title='bbox 993 3063 1099 3124; x_wconf 84' lang='lat' dir='ltr'><strong>liceret</strong></span> 
     </span>
     <span class='ocr_line' id='line_1_35' title="bbox 95 3143 1096 3227; baseline 0 -21"><span class='ocrx_word' id='word_1_278' title='bbox 95 3143 225 3222; x_wconf 77' lang='lat' dir='ltr'><strong>canicie,</strong></span> <span class='ocrx_word' id='word_1_279' title='bbox 253 3152 401 3224; x_wconf 80' lang='lat' dir='ltr'><strong>quotenus</strong></span> <span class='ocrx_word' id='word_1_280' title='bbox 426 3145 531 3222; x_wconf 82' lang='lat' dir='ltr'><strong>vellet,</strong></span> <span class='ocrx_word' id='word_1_281' title='bbox 559 3147 666 3208; x_wconf 84' lang='lat' dir='ltr'><strong>irasci.</strong></span> <span class='ocrx_word' id='word_1_282' title='bbox 715 3147 830 3227; x_wconf 87' lang='lat' dir='ltr'><strong>Reliqui</strong></span> <span class='ocrx_word' id='word_1_283' title='bbox 856 3147 985 3226; x_wconf 90' lang='lat' dir='ltr'><strong>potentia</strong></span> <span class='ocrx_word' id='word_1_284' title='bbox 1011 3156 1096 3227; x_wconf 91' lang='lat' dir='ltr'><strong>atque</strong></span> 
     </span>
     <span class='ocr_line' id='line_1_36' title="bbox 57 3227 1096 3311; baseline 0.001 -21"><span class='ocrx_word' id='word_1_285' title='bbox 57 3249 84 3290; x_wconf 79' lang='lat' dir='ltr'><strong>aa</strong></span> <span class='ocrx_word' id='word_1_286' title='bbox 96 3228 205 3310; x_wconf 89' lang='lat' dir='ltr'><strong>opibus</strong></span> <span class='ocrx_word' id='word_1_287' title='bbox 219 3227 349 3290; x_wconf 85' lang='lat' dir='ltr'><strong>adfinem</strong></span> <span class='ocrx_word' id='word_1_288' title='bbox 360 3232 436 3290; x_wconf 88' lang='lat' dir='ltr'><strong>vitae</strong></span> <span class='ocrx_word' id='word_1_289' title='bbox 450 3233 494 3289; x_wconf 89' lang='lat' dir='ltr'><strong>sui</strong></span> <span class='ocrx_word' id='word_1_290' title='bbox 509 3231 629 3310; x_wconf 86' lang='lat' dir='ltr'><strong>quisque</strong></span> <span class='ocrx_word' id='word_1_291' title='bbox 644 3231 754 3291; x_wconf 89' lang='lat' dir='ltr'><strong>ordinis</strong></span> <span class='ocrx_word' id='word_1_292' title='bbox 769 3232 917 3311; x_wconf 91' lang='lat' dir='ltr'><strong>principes</strong></span> <span class='ocrx_word' id='word_1_293' title='bbox 929 3230 1096 3308; x_wconf 84' lang='lat' dir='ltr'><strong>floruerunt,</strong></span> 
     </span>
     <span class='ocr_line' id='line_1_37' title="bbox 95 3314 1098 3392; baseline 0.002 -20"><span class='ocrx_word' id='word_1_294' title='bbox 95 3331 264 3392; x_wconf 91' lang='lat' dir='ltr'><strong>quanquam</strong></span> <span class='ocrx_word' id='word_1_295' title='bbox 288 3323 318 3374; x_wconf 92' lang='lat' dir='ltr'><strong>et</strong></span> <span class='ocrx_word' id='word_1_296' title='bbox 342 3315 460 3374; x_wconf 84' lang='lat' dir='ltr'><strong>oliensis</strong></span> <span class='ocrx_word' id='word_1_297' title='bbox 487 3314 754 3375; x_wconf 86' lang='lat' dir='ltr'><strong>intervenientibus.</strong></span> <span class='ocrx_word' id='word_1_298' title='bbox 809 3314 994 3376; x_wconf 85' lang='lat' dir='ltr'><strong>Desideravit</strong></span> <span class='ocrx_word' id='word_1_299' title='bbox 1023 3318 1098 3376; x_wconf 92' lang='lat' dir='ltr'><strong>euim</strong></span> 
     </span>
     <span class='ocr_line' id='line_1_38' title="bbox 94 3397 1097 3480; baseline 0.005 -24"><span class='ocrx_word' id='word_1_300' title='bbox 94 3415 323 3476; x_wconf 88' lang='lat' dir='ltr'><strong>nonnumquam,</strong></span> <span class='ocrx_word' id='word_1_301' title='bbox 347 3416 383 3458; x_wconf 91' lang='lat' dir='ltr'><strong>ne</strong></span> <span class='ocrx_word' id='word_1_302' title='bbox 407 3397 443 3458; x_wconf 90' lang='lat' dir='ltr'><strong>de</strong></span> <span class='ocrx_word' id='word_1_303' title='bbox 463 3397 594 3477; x_wconf 90' lang='lat' dir='ltr'><strong>pluribus</strong></span> <span class='ocrx_word' id='word_1_304' title='bbox 616 3400 754 3477; x_wconf 81' lang='lat' dir='ltr'><strong>referam,</strong></span> <span class='ocrx_word' id='word_1_305' title='bbox 777 3407 806 3459; x_wconf 93' lang='lat' dir='ltr'><strong>et</strong></span> <span class='ocrx_word' id='word_1_306' title='bbox 820 3398 859 3460; x_wconf 84' lang='lat' dir='ltr'><strong>lt.</strong></span> <span class='ocrx_word' id='word_1_307' title='bbox 875 3398 1026 3480; x_wconf 78' lang='lat' dir='ltr'><strong>Agrippae</strong></span> <span class='ocrx_word' id='word_1_308' title='bbox 1048 3419 1097 3480; x_wconf 91' lang='lat' dir='ltr'><strong>pa·</strong></span> 
     </span>
     <span class='ocr_line' id='line_1_39' title="bbox 93 3481 1097 3562; baseline 0 -20"><span class='ocrx_word' id='word_1_309' title='bbox 93 3481 227 3542; x_wconf 88' lang='lat' dir='ltr'><strong>tientiam</strong></span> <span class='ocrx_word' id='word_1_310' title='bbox 246 3489 274 3542; x_wconf 89' lang='lat' dir='ltr'><strong>et</strong></span> <span class='ocrx_word' id='word_1_311' title='bbox 290 3481 467 3543; x_wconf 82' lang='lat' dir='ltr'><strong>Maecenatis</strong></span> <span class='ocrx_word' id='word_1_312' title='bbox 486 3483 716 3562; x_wconf 89' lang='lat' dir='ltr'><strong>taciturnitatem,</strong></span> <span class='ocrx_word' id='word_1_313' title='bbox 734 3501 797 3546; x_wconf 90' lang='lat' dir='ltr'><strong>cum</strong></span> <span class='ocrx_word' id='word_1_314' title='bbox 814 3484 864 3544; x_wconf 93' lang='lat' dir='ltr'><strong>ille</strong></span> <span class='ocrx_word' id='word_1_315' title='bbox 880 3502 918 3544; x_wconf 86' lang='lat' dir='ltr'><strong>ex</strong></span> <span class='ocrx_word' id='word_1_316' title='bbox 935 3483 995 3543; x_wconf 86' lang='lat' dir='ltr'><strong>leri</strong></span> <span class='ocrx_word' id='word_1_317' title='bbox 1008 3484 1097 3561; x_wconf 81' lang='lat' dir='ltr'><strong>frigo-</strong></span> 
     </span>
    </p>
   </div>
   <div class='ocr_carea' id='block_1_3' title="bbox 894 3568 937 3628">
    <p class='ocr_par' dir='ltr' id='par_1_5' title="bbox 894 3568 937 3628">
     <span class='ocr_line' id='line_1_40' title="bbox 894 3568 937 3628; baseline 0 -22"><span class='ocrx_word' id='word_1_318' title='bbox 894 3568 937 3628; x_wconf 66' lang='grc'><strong>51</strong></span> 
     </span>
    </p>
   </div>
   <div class='ocr_carea' id='block_1_4' title="bbox 0 0 1252 3912">
    <p class='ocr_par' dir='ltr' id='par_1_6' title="bbox 0 0 1252 3912">
     <span class='ocr_line' id='line_1_41' title="bbox 0 0 1252 3912; baseline 0 0"><span class='ocrx_word' id='word_1_319' title='bbox 0 0 1252 3912; x_wconf 95' lang='lat' dir='ltr'><strong> </strong></span> 
     </span>
    </p>
   </div>
  </div>
 </body>
</html>
