2468 3912
457 265 563 315 nrvus
586 265 775 315 accusans.
1069 255 1109 314 55

108 428 231 506 quisque
247 424 368 484 animum
384 420 545 483 intenderet
566 439 601 482 ac
619 425 642 482 si
658 423 832 484 censendum
851 423 944 502 magis
962 437 1045 500 quam
1060 420 1108 482 ad-

107 508 287 572 sentiendum
303 516 392 569 esset.

167 595 279 654 Auctor
301 601 330 652 et
355 592 474 653 aliarum
489 607 586 650 rerum
607 590 675 669 luit,
700 591 827 670 inquis:
852 610 888 652 ne
911 599 976 654 acta
992 597 1152 652 senatusdd

106 677 338 759 publicarentur,
365 694 402 736 ne
427 677 611 753 magistratus
637 674 772 754 deposito
807 676 918 737 bonore
952 675 1045 735 statim
1080 675 1109 734 in

84 763 274 843 sprovincias
294 763 491 836 mitterentur,
511 768 541 819 ut
562 759 786 838 proconsulibus
806 760 843 820 ad
856 761 949 821 mulos
971 768 1000 820 et
1013 759 1108 820 taber·

105 846 209 908 nacula
231 863 305 924 qnae
323 844 439 924 publice
457 844 548 904 locari
564 843 698 905 solebant
720 852 799 904 certa
813 847 937 924 pecunia
953 844 1108 904 constitue-

105 941 203 1008 retur,
225 938 255 990 ut
277 948 345 990 cura
367 929 459 989 aerari
485 947 501 989 a
519 927 721 1007 quaestoribus
746 927 862 989 urbanis
887 929 923 990 ad
944 929 1109 1008 praetorios

104 1024 297 1095 praetoresve
313 1015 463 1091 transiret,
491 1021 522 1073 ut
537 1011 771 1073 centumuiralem
787 1011 896 1074 bustam
920 1031 1004 1092 quam
1020 1030 1107 1091 quae-

104 1109 211 1160 sturam
226 1099 314 1160 iuncti
331 1106 504 1159 consuerant
515 1113 625 1174 cogere
640 1096 797 1158 decemviri
813 1106 963 1174 cogerent.
985 1097 1108 1176 Quoque
1115 1109 1151 1165 37

68 1184 206 1264 aoplures
226 1193 339 1263 partem
360 1182 599 1244 administrandae
620 1182 664 1241 rei
685 1200 715 1260 p.
741 1189 897 1260 caperent,
919 1199 995 1242 nova
1011 1179 1108 1241 cilicia

103 1269 297 1346 excogitavit:
328 1284 424 1327 curam
445 1283 565 1344 operum
586 1265 784 1345 publicorum,
807 1267 932 1342 viarum,
960 1281 1107 1344 aquarum,

103 1353 180 1413 alvei
198 1351 323 1428 Tiberis,
340 1351 474 1410 irumenti
490 1348 599 1429 populo
616 1349 772 1426 dividundi,
788 1348 1002 1430 praefecturam
1016 1348 1107 1426 urbis,

102 1438 309 1496 triumuiratum
324 1433 441 1512 legendi
457 1443 590 1512 senatus,
610 1442 639 1494 et
661 1434 782 1494 alterum
796 1433 1031 1512 recognoscendi
1050 1443 1107 1493 tur-

102 1538 164 1583 mas
182 1521 325 1599 equitum,
343 1519 536 1598 quotiensque
552 1535 626 1598 opus
648 1527 735 1578 esset.
775 1517 922 1579 censores
944 1518 1038 1578 creari
1058 1518 1106 1578 de·

65 1608 177 1666 sasitos
198 1605 290 1682 longo
314 1602 467 1665 intervallo
490 1605 609 1664 creavit.
649 1602 805 1665 Numerum
826 1612 992 1684 praetorum
1018 1604 1106 1664 auxit.

102 1689 212 1765 Exegit
228 1689 331 1765 etiam,
349 1696 378 1748 ut
395 1689 528 1767 quotiens
545 1687 710 1750 consulatus
727 1688 781 1749 sibi
797 1688 929 1766 daretur,
952 1687 1037 1749 binos
1052 1705 1106 1767 pro

103 1771 226 1850 singulis
242 1771 375 1850 collegas
396 1771 533 1850 baberet,
557 1792 614 1834 nec
630 1773 767 1853 optinuit,
789 1772 1015 1834 reclamantibus
1039 1791 1106 1833 cun·

104 1858 159 1918 ctis
175 1857 245 1917 satis
260 1857 439 1917 maiestatem
456 1859 518 1918 eins
532 1858 672 1934 imminui,
697 1858 775 1937 quod
800 1857 942 1919 honorem
962 1876 1026 1918 eum
1048 1874 1107 1916 non

103 1940 184 2002 solus
199 1940 251 2001 sed
268 1958 331 2000 cum
348 1939 441 2001 altero
458 1951 587 2019 gereret.
622 1941 686 2002 Nec
703 1944 821 2021 parcior
836 1943 864 2001 in
880 1941 986 2002 bellica
1003 1943 1151 2002 virtute38

61 2040 92 2082 ao
102 2024 289 2102 honoranda,
318 2042 407 2103 super
432 2026 546 2102 triginta
569 2025 689 2085 ducibus
710 2027 802 2085 iustos
824 2025 984 2104 triumphos
1004 2034 1034 2084 et
1055 2024 1106 2085 ali·

103 2117 210 2190 quanto
226 2108 357 2190 pluribus
371 2107 553 2188 triumphalia
568 2118 735 2170 ornamenta
752 2109 936 2169 decernenda
952 2109 1071 2169 curavit.

163 2193 277 2254 biberis
293 2201 476 2270 senatorum,
491 2209 549 2274 quo
562 2193 686 2253 celerius
701 2194 745 2253 rei
759 2212 788 2273 p.
805 2201 1021 2269 assuescerent,
1038 2208 1105 2272 pro-

102 2279 178 2338 tinus
199 2297 214 2338 a
239 2277 315 2338 virili
334 2286 405 2356 toga
421 2277 508 2338 latum
531 2278 643 2338 clauum
659 2277 778 2339 induere
793 2285 823 2336 et
845 2277 941 2337 curiae
963 2277 1106 2336 iuteresse

103 2364 254 2442 permisit,
282 2362 468 2441 militiamque
494 2362 710 2443 auspicantibus
738 2379 796 2422 non
823 2360 996 2422 tribunatum
1018 2360 1105 2420 modo

62 2462 94 2504 aa
103 2447 263 2525 legionum,
279 2446 331 2508 sed
347 2455 376 2507 et
391 2446 592 2526 praefecturas
607 2447 715 2508 alarum
727 2446 823 2517 dedit;
839 2464 874 2507 ac
887 2464 924 2506 ne
937 2446 985 2524 qui
996 2463 1106 2525 expers

104 2541 263 2592 castrorum
278 2539 374 2609 esset,
390 2531 474 2592 binos
491 2530 661 2610 plerumque
676 2530 840 2593 laticlauios
862 2531 1032 2611 praeposuit
1048 2531 1104 2590 sin·

102 2615 180 2693 gulis
199 2616 263 2675 alis.

166 2698 301 2778 Equitum
323 2708 429 2761 turmas
444 2700 613 2781 frequenter
633 2701 820 2778 recognovit,
839 2709 906 2779 post
927 2699 1044 2776 longam
1063 2699 1104 2755 in-

101 2783 320 2863 tercapedinem
334 2783 456 2846 reducto
473 2801 554 2845 more
576 2787 773 2846 travectionis.
808 2783 868 2845 Sed
882 2801 978 2863 neque
994 2779 1106 2841 detrahi

66 2885 274 2948 soquemquam
302 2869 330 2928 in
360 2867 538 2929 travehendo
558 2869 593 2929 ab
617 2877 789 2930 accusatore
812 2886 916 2950 passus
942 2875 1000 2944 est,
1028 2864 1107 2945 quod

102 2952 166 3012 lieri
182 2952 305 3030 solebat,
324 2961 353 3012 et
367 2953 449 3013 senio
461 2954 508 3013 vel
522 2954 616 3033 aliqua
633 2955 767 3033 corporis
782 2952 848 3013 labe
861 2951 1022 3029 insignibus
1038 2968 1105 3029 per-

100 3037 192 3113 misit,
210 3038 371 3115 praemisso
387 3039 416 3097 in
433 3037 533 3097 ordine
550 3055 644 3115 equo,
670 3036 707 3097 ad
721 3036 954 3117 respondendum
971 3036 1105 3114 quotiens

102 3121 260 3180 citarentur
276 3121 400 3200 pedibus
419 3123 534 3191 venire;
556 3139 625 3182 moa
650 3121 789 3182 reddendi
806 3121 872 3199 equi
893 3120 1014 3198 gratiam
1033 3118 1105 3179 iecit

102 3205 159 3280 eis,
185 3204 233 3282 qni
255 3207 381 3266 maiores
407 3223 544 3267 annorum
566 3207 691 3285 quinque
716 3214 744 3265 et
759 3206 875 3283 triginta
895 3205 1022 3265 retinere
1040 3220 1104 3263 eum

67 3287 229 3358 aanollent3
258 3289 477 3369 impetratisque
504 3308 520 3350 a
547 3298 648 3350 senatu
673 3289 775 3349 decem
799 3288 992 3366 adiutoribus,
1019 3299 1149 3355 unum39

102 3389 245 3452 quemque
261 3376 387 3453 equitum
402 3375 542 3435 rationem
557 3375 632 3435 vitae
650 3373 774 3434 reddere
789 3375 888 3452 coegit
904 3381 990 3452 atque
1007 3391 1044 3434 ox
1061 3372 1102 3431 in·

102 3455 233 3535 probatis
249 3457 323 3518 alios
340 3475 451 3537 poena,
476 3458 550 3520 alios
567 3459 722 3537 ignominia
737 3461 860 3537 notavit,
883 3457 982 3538 plures
1004 3457 1100 3519 admo-

101 3540 226 3620 nitione,
245 3543 298 3603 sed
318 3543 405 3604 varia.
441 3543 628 3604 lenissimum
642 3563 735 3624 genus
750 3544 950 3606 admonitionis
971 3542 1023 3602 init
1044 3549 1099 3600 tra-
