2450 3910
125 211 188 276 214
204 226 234 278 c.
246 226 396 275 suarem
408 225 536 286 annuo.
552 226 600 274 nu
614 227 697 274 vira
714 225 897 274 cansanuu
912 225 981 272 nun.
999 224 1059 272 uu.

127 401 211 464 quam
231 383 411 444 matrimonio
429 382 602 462 destinarat,
627 381 828 443 commendans
849 381 987 460 reliquias
1005 397 1072 440 suas
1091 388 1121 441 et

124 470 301 528 memoriam
328 466 472 545 Quidquid
484 466 588 527 deinde
601 468 788 548 epistularum
800 475 872 543 erat,
885 483 922 524 ne
931 483 975 525 our
968 465 1120 544 periculo

126 551 648 630 autnoxaoapudvictoremlorent,
661 552 865 613 concremavit.
902 548 1006 608 Diuisit
1024 558 1053 608 et
1070 567 1120 648 pe·
1208 609 1210 626 ς

83 641 117 694 11
126 654 224 696 eunias
237 636 402 696 domesticis
426 654 464 696 ex
481 639 566 716 copia
584 639 740 717 praesenti.
770 628 867 714 Atque
886 637 927 695 ita
945 635 1087 714 paratus
1079 652 1120 692 m-

124 723 302 800 tentusque
293 739 349 780 ram
361 722 461 798 morti,
477 721 615 782 tumultu
606 730 681 782 inter
696 738 793 782 moras
811 729 913 780 exorto
933 728 963 778 ut
980 736 1050 795 eos,
1071 718 1147 796 quis

125 803 278 866 discedere
291 813 320 864 et
331 805 410 865 abire
425 805 615 884 coeptabant,
634 806 742 886 corripi
761 807 842 883 quasi
863 802 1032 864 desertores
1049 801 1122 862 deti-

124 890 246 969 neriqne
267 891 376 967 sensit,
403 887 585 950 Adiciamus
609 893 701 969 inquit
725 890 809 951 vitae
829 895 859 950 et
881 889 964 949 bauo
985 887 1122 948 noctem!

126 974 185 1055 (his
197 975 270 1054 ipsis
281 974 459 1053 totidemque
471 974 586 1052 verbis)
604 977 751 1054 vetuitque
770 975 827 1033 vim
847 975 977 1052 cuiquam
996 973 1073 1042 lieri;
1092 979 1123 1032 et

124 1061 154 1120 in
165 1077 261 1119 serum
272 1077 364 1139 usque
377 1068 494 1139 patente
508 1059 652 1136 cubiculo,
668 1061 692 1119 si
705 1061 768 1139 qnis
782 1058 861 1119 adire
874 1057 980 1134 vellet,
993 1064 1121 1137 potesta·

123 1152 181 1205 tem
194 1145 238 1204 sui
251 1143 393 1223 praebuit.
422 1143 557 1204 Posthoc
571 1144 671 1205 sedata
682 1145 728 1205 siti
742 1143 859 1220 gelidae
878 1160 972 1222 aquae
991 1141 1121 1220 potione,
1134 1160 1162 1202 ro

123 1230 244 1308 arripuit
255 1228 327 1288 duos
341 1230 484 1308 pugiones
496 1238 524 1288 et
540 1229 691 1308 explorata
702 1229 849 1307 utriusque
867 1228 948 1304 acie,
966 1244 1030 1287 cum
1049 1224 1123 1285 alte·

122 1331 185 1373 rum
204 1312 322 1392 pulvino
341 1312 531 1391 subdidisset,
556 1313 667 1374 loribus
687 1312 835 1392 adopertis
851 1313 996 1372 artissimo
1020 1327 1122 1370 somno

125 1400 243 1478 quievit.
277 1396 315 1458 Et
331 1398 408 1458 circa
422 1397 517 1458 lucem
529 1397 641 1458 demum
658 1397 899 1478 expergefaetus,
919 1412 976 1456 uno
989 1414 1022 1455 se
1034 1395 1121 1454 traie-

125 1483 164 1543 cit
175 1484 235 1542 iotu
254 1482 328 1541 inira
347 1481 458 1542 laevam
476 1482 631 1562 papillam,
650 1481 933 1561 irrumpentibusque
948 1479 984 1540 ad
1000 1479 1122 1560 primum

124 1568 262 1644 gemitum
273 1565 358 1626 modo
375 1565 475 1626 celans
487 1566 573 1626 modo
586 1567 728 1644 detegens
741 1565 869 1646 plagam,
887 1565 1065 1626 exanimatus
1076 1571 1122 1624 est
1133 1581 1163 1623 rs

125 1658 154 1709 et
173 1649 311 1709 celeriter
330 1651 410 1728 (nam
430 1650 469 1710 ita
488 1650 696 1731 praeceperat)
717 1651 882 1728 funeratus,
906 1649 1072 1710 tricensimo
1092 1657 1122 1707 et

125 1741 231 1793 octavo
244 1735 346 1793 aetatis
359 1751 433 1794 anno
450 1743 479 1794 et
491 1736 699 1812 nonagensimo
712 1743 741 1794 et
757 1737 856 1813 quinto
868 1735 983 1814 imperii
998 1733 1055 1794 die.

82 1832 116 1886 12
186 1815 278 1877 Tanto
292 1814 413 1878 Othonis
425 1820 518 1878 animo
530 1829 711 1898 nequaquam
723 1837 830 1898 corpus
843 1828 891 1878 aut
908 1818 1022 1878 habitus
1043 1835 1122 1878 com·

124 1902 205 1982 petit.
229 1900 331 1961 Fuisse
345 1904 420 1962 enim
432 1911 460 1962 et
471 1903 601 1964 modicae
614 1913 739 1964 staturae
755 1912 784 1962 et
800 1903 875 1963 male
895 1903 1014 1982 pedatus
1028 1919 1121 1961 scam·

122 1985 236 2065 busque
248 1985 384 2064 traditur,
404 1987 601 2048 munditiarum
617 2006 689 2048 vero
710 2006 802 2067 paene
821 1988 1016 2064 muliebrium,
1034 1986 1163 2054 vulso2a

124 2087 262 2150 corpore,
282 2071 444 2148 galericulo
459 2074 546 2152 capiti
558 2082 678 2153 propter
699 2073 846 2134 raritatem
865 2072 1035 2152 capillorum
1054 2069 1121 2130 ada-

124 2164 203 2237 ptato
217 2165 246 2215 et
258 2156 386 2234 adnexo,
403 2166 432 2217 ut
448 2175 533 2218 nemo
551 2158 733 2226 dinosceret;
753 2159 820 2236 quin
842 2166 870 2216 et
887 2157 991 2217 faciem
1014 2154 1124 2215 cotidie

122 2240 245 2300 rasitare
258 2258 292 2300 ao
311 2259 386 2320 pane
405 2241 518 2302 madido
538 2242 629 2301 linere
650 2250 836 2318 consuetum,
856 2241 943 2319 idque
962 2240 1122 2300 instituisse

122 2342 140 2384 a
155 2325 247 2403 prima
258 2324 406 2422 lanugine,
418 2345 455 2386 ne
467 2325 603 2386 barbatus
615 2344 747 2404 umquam
759 2334 853 2395 esset;
874 2343 958 2385 saera
971 2325 1055 2385 etiam
1067 2321 1122 2383 lsi·
1209 2341 1210 2344 ¹

123 2406 167 2468 dis
180 2425 271 2486 saepe
290 2409 319 2466 in
338 2407 428 2470 lintea
444 2410 644 2496 religiosaque
662 2418 746 2470 veste
765 2409 916 2508 propalam
938 2409 1149 2470 celebrasse.
1133 2433 1168 2476 25
1209 2483 1210 2490 ἵ

121 2491 179 2553 Per
191 2508 266 2571 quae
276 2492 384 2554 factum
397 2504 510 2574 putem,
526 2504 556 2554 ut
573 2512 650 2555 mors
662 2497 724 2554 eius
738 2494 853 2554 minime
866 2511 1030 2586 congruens
1042 2493 1124 2552 vitae
1209 2493 1210 2504 ¹

121 2576 231 2638 maiore
247 2576 386 2638 miraculo
403 2579 499 2640 luerit
531 2579 611 2640 lllulti
630 2580 824 2658 praesentium
842 2569 960 2639 militnr'n
978 2595 1041 2638 cum
1058 2576 1124 2677 pln-

121 2663 195 2722 rimo
208 2661 277 2722 lletu
287 2680 385 2723 manus
398 2682 434 2725 ac
447 2664 557 2744 pedes'
549 2664 670 2724 iacentis
683 2663 863 2740 exosculati,
877 2663 1062 2724 fortissimum
1077 2665 1124 2722 vi·

121 2765 193 2825 rum,
206 2749 320 2809 unicum
333 2748 536 2828 imperatorem
544 2747 758 2829 praedicantes,
770 2746 877 2807 ibidem
887 2749 1124 2826 statimnecpro·

123 2831 169 2894 cul
180 2849 196 2892 a
209 2849 284 2909 rogo
295 2834 352 2891 vim
365 2851 435 2894 suae
445 2836 520 2894 vitae
541 2833 711 2903 attulerunt;
730 2830 810 2892 multi
827 2842 856 2891 et
872 2832 1049 2909 absentium,
1072 2849 1123 2892 ac·
1138 2861 1171 2904 ³0

122 2923 209 2995 cepto
222 2918 331 2993 nuntio,
345 2936 415 2995 prae
427 2917 529 2979 dolore
539 2919 623 2979 armis
635 2919 710 2977 inter
721 2935 754 2976 se
765 2915 802 2976 ad
813 2917 1039 2977 internecionem
1051 2932 1123 2976 con·

121 3009 281 3062 currerunt
315 3000 447 3080 Denique
467 3020 571 3080 magna
588 3020 656 3081 pars
676 3001 837 3078 bominum,
859 3000 1032 3062 incolumem
1052 3018 1124 3077 gra-

119 3084 238 3144 vissime
251 3083 408 3163 detestata,
429 3097 570 3147 mortuum
588 3085 719 3146 laudibus
731 3084 811 3161 tulit,
832 3094 863 3144 ut
879 3085 968 3162 vulgo
984 3085 1125 3145 iactatum

120 3165 158 3226 sit
175 3167 277 3245 etiam,
307 3168 425 3230 Galbam
446 3170 482 3230 ab
500 3189 536 3232 eo
557 3187 615 3230 non
636 3179 693 3230 tam
710 3168 872 3252 dominandi
890 3187 973 3250 quam
985 3171 1070 3249 reip
1085 3188 1129 3232 ao

120 3213 277 3309 libertatus
273 3254 468 3314 restituendae
483 3273 568 3316 causa
580 3256 792 3334 interemptum
1128 3273 1166 3318 35
