2468 3912
95 227 132 288 12
178 240 208 289 c.
225 239 372 288 sunronr
387 240 514 300 nanno.
531 241 675 288 nnuma
692 240 960 289 concanonicus.
975 243 999 290 1.

65 451 70 457 .
91 395 164 456 inam
184 395 313 472 redegit,
335 396 420 473 eique
436 395 503 432 ***
524 396 552 454 in
567 396 698 473 singulos
715 413 806 457 annos
827 396 963 475 stipendii
978 397 1093 456 nomine

92 480 233 558 inposuit;
253 477 428 556 Germanos,
445 479 493 558 qui
509 487 586 539 trans
603 480 733 541 Rhenum
750 480 892 557 incolunt,
911 483 1019 558 primus
1033 481 1092 541 Ro·

90 580 238 624 manorum
259 571 348 641 ponte
371 561 513 622 fabricato
535 562 708 641 adgressus,
730 564 859 623 maximis
876 563 983 625 adfecit
1006 564 1091 624 madia
1202 601 1224 656 q

91 649 160 717 bns;
183 645 340 723 adgressus
357 656 402 707 est
419 656 447 706 et
463 645 614 707 Britannos
631 649 750 725 ignotos
768 657 866 724 antea,
888 649 1092 726 superatisque

92 731 230 813 pecunias
252 738 281 789 et
302 730 420 791 obsides
440 731 604 809 imperavit:
632 750 686 811 per
708 741 751 792 tot
772 749 926 792 successus
948 741 1010 808 ter,
1036 749 1114 800 neca

92 815 229 894 amplius,
251 813 403 875 adversum
425 833 522 875 casum
548 825 702 895 expertus:
730 817 758 874 in
781 815 926 876 Britannia
948 815 1044 876 classe
1064 816 1092 876 vi

91 901 272 978 tempestatis
292 917 386 979 prope
407 898 574 976 absumpta,
596 908 625 959 et
647 901 675 958 in
691 899 784 960 Gallia
803 899 839 960 ad
856 899 1032 977 Gergoviam
1052 900 1092 959 le-

92 986 180 1063 gione
195 982 276 1060 fusa,
292 991 321 1042 et
336 985 364 1043 in
380 982 586 1044 Germanorum
603 983 705 1044 linibus
722 983 831 1044 l'iturio
841 991 879 1044 et
896 983 1092 1044 Aurunculeio
1189 1026 1210 1067 ἱ
1229 1023 1231 1030 1

50 1069 198 1145 relegatis
214 1085 267 1146 per
284 1068 400 1128 insidias
419 1067 522 1127 caesis.
566 1067 678 1127 Eodem
698 1069 840 1147 temporis
863 1069 957 1147 spatio
974 1074 1092 1127 matrem
1214 1037 1232 1130 l

93 1155 201 1234 primo,
224 1150 327 1211 deinde
342 1152 443 1228 filiam,
462 1169 516 1210 nec
532 1151 620 1210 multo
639 1159 706 1230 post
720 1161 856 1230 nepotem
874 1151 974 1212 amisit.
1014 1151 1127 1214 lnterm
1230 1143 1232 1228 l

93 1255 185 1317 quae,
200 1244 384 1296 consternata
396 1234 479 1296 Publi
493 1233 578 1294 clodi
594 1235 684 1295 caede
701 1253 733 1294 re
749 1235 881 1314 publica,
898 1254 961 1296 cum
976 1243 1093 1294 senatus

92 1341 176 1382 unum
198 1319 346 1381 consulem
367 1319 739 1398 nominatimquesllnaeum
759 1319 926 1399 Pompeium
941 1321 1004 1380 lieri
1026 1337 1092 1378 cen·

92 1408 214 1481 suisset,
231 1405 292 1482 egit
308 1424 370 1466 cum
385 1404 506 1464 tribunis
524 1403 620 1482 plebis
635 1403 782 1481 collegam
803 1423 835 1464 se
851 1404 991 1483 Pompeio
1006 1402 1092 1462 desti·
1191 1440 1215 1480 q

92 1489 241 1564 nantibus,
261 1487 290 1547 id
310 1489 407 1566 potius
421 1488 457 1547 ad
473 1487 611 1566 populum
627 1488 737 1548 ferrent
752 1496 781 1547 ut
795 1489 908 1549 absenti
924 1487 988 1565 sibi,
1004 1504 1091 1566 quan-

93 1574 189 1652 doque
205 1573 317 1651 imperii
332 1581 446 1648 tempus
464 1571 577 1651 expleri
592 1573 754 1650 coepisset,
770 1575 872 1650 petitio
888 1571 1008 1633 secundi
1024 1587 1091 1630 oon·
1102 1590 1127 1634 nt

93 1657 202 1717 sulatus
224 1654 356 1731 daretur,
376 1673 413 1714 ne
437 1674 472 1715 ea
496 1674 582 1715 causa
604 1656 741 1716 maturius
763 1666 792 1716 et
812 1656 976 1737 inperfecto
1001 1655 1093 1715 adhuc

92 1740 172 1801 bello
189 1737 354 1798 decederet.
399 1737 483 1814 Quod
499 1748 528 1798 ut
543 1738 664 1818 adeptus
681 1747 741 1815 est,
763 1740 866 1802 altiora
883 1742 937 1802 iam
952 1740 1092 1800 meditans
1201 1785 1213 1804 .

94 1834 123 1884 et
148 1823 213 1900 spei
237 1822 341 1901 plenus
361 1823 468 1884 nullum
490 1823 652 1900 largitionis
679 1831 726 1882 aut
749 1823 911 1884 ciliciorum
940 1826 968 1883 in
996 1841 1092 1903 quem·
1214 1807 1233 1840 x

94 1925 178 1986 quam
200 1923 292 1983 genus
310 1906 427 1986 publice
451 1908 641 1986 privatimque
665 1907 770 1967 omisit.
814 1907 920 1969 llorum
942 1908 978 1968 de
997 1925 1092 1967 manu·

94 1991 148 2050 biis
164 1990 324 2068 inchoavit,
351 1991 430 2052 cuius
453 2009 521 2052 arca
541 2010 629 2070 super
654 1992 816 2052 sestertium
836 1993 930 2052 milies
953 1992 1128 2052 constititas

92 2075 194 2136 Munus
216 2076 325 2155 populo
351 2075 525 2155 epulumque
546 2076 740 2155 pronuntiavit
761 2076 789 2134 in
817 2077 894 2136 filiae
915 2076 1092 2148 memoriam,

95 2158 172 2238 quod
193 2169 258 2220 ante
279 2179 342 2221 eum
358 2177 453 2221 nemo.
498 2162 625 2236 Quorum
641 2169 671 2218 ut
688 2178 772 2238 quam
788 2161 909 2221 maxima
926 2159 1091 2238 expectatio

95 2253 190 2321 esset,
212 2263 246 2306 ea
268 2263 342 2323 quae
364 2244 399 2305 ad
421 2244 537 2324 epulum
558 2245 752 2322 pertinerent,
779 2245 908 2322 quamvis
930 2240 1093 2304 macellaris
1172 2261 1230 2334 εχ

95 2327 243 2404 ablocata,
264 2330 349 2389 etiam
365 2329 572 2390 domesticatim
588 2326 757 2406 apparabat.
796 2327 980 2390 Gladiatores
996 2335 1093 2403 notos,

95 2410 186 2472 sicubi
209 2411 322 2472 infestis
344 2413 557 2490 spectatoribus
573 2411 753 2488 dimicarent,
777 2412 804 2472 ti
825 2410 983 2492 rapiendos
997 2428 1128 2472 neser-at

94 2493 264 2571 vandosque
284 2494 444 2555 mandabat.
489 2496 611 2556 Tirones
631 2512 726 2574 neque
741 2495 770 2554 in
789 2494 857 2556 ludo
872 2513 968 2574 neque
985 2513 1038 2573 per
1052 2494 1092 2554 la·

94 2579 202 2653 nistas,
221 2577 274 2638 sed
289 2579 316 2638 in
331 2579 461 2639 domibus
477 2598 530 2658 per
547 2580 660 2658 equites
675 2579 823 2640 Romanos
838 2590 924 2658 atquc
939 2582 1024 2639 etiam
1040 2596 1093 2657 per

95 2670 247 2722 senatores
262 2680 404 2723 armorum
417 2665 527 2740 peritos
544 2661 709 2739 erudiebat,
722 2663 859 2742 precibus
876 2665 998 2740 enitens,
1016 2660 1093 2740 quod

96 2747 228 2827 epistulis
238 2748 299 2806 eius
309 2745 478 2824 ostenditur,
488 2757 516 2808 ut
525 2746 704 2826 disciplinam
717 2748 896 2825 singulorum
911 2749 1093 2825 susciperent

95 2832 209 2910 ipsique
230 2830 334 2892 dictata
354 2831 558 2891 exercentibus
580 2830 689 2891 darent.
724 2831 900 2909 Legionibus
922 2829 1127 2910 stipendiumat

96 2915 125 2974 in
140 2925 312 2995 perpetuum
327 2915 494 2994 duplicavit.
537 2913 736 2992 Frumentum,
752 2916 887 2993 quotiens
904 2916 988 2994 copia
1001 2920 1093 2989 esset,
1199 2963 1208 2990 ,

97 3001 182 3060 etiam
206 3001 268 3060 sine
287 2999 374 3060 modo
389 3016 579 3077 mensuraque
595 2998 742 3078 praebuit,
764 3017 799 3059 ac
821 2998 934 3077 singula
953 2997 1093 3058 interdum

54 3089 87 3144 bi
96 3085 237 3163 mancipia
252 3103 269 3144 e
285 3084 392 3163 praeda
408 3084 511 3144 viritim
526 3083 612 3144 dedit.
643 3082 690 3142 Ad
709 3083 885 3143 retinendam
899 3092 993 3144 autem
1010 3082 1093 3142 Pom·

99 3167 146 3245 pei
166 3168 407 3228 necessitudinem
425 3185 460 3228 ac
479 3168 655 3227 voluntatem
670 3166 817 3227 Octaviam
833 3168 943 3228 sororis
959 3183 1028 3226 suae
1043 3182 1093 3224 ne·

98 3259 193 3328 ptem,
209 3269 282 3329 quae
296 3251 366 3314 Gaio
378 3252 518 3313 llarcello
531 3261 617 3331 nupta
633 3260 710 3327 erat,
729 3251 925 3312 condicionem
943 3253 969 3311 ei
984 3249 1092 3325 detulit,
1102 3268 1127 3311 ss

98 3333 212 3411 sibique
227 3334 313 3394 liliam
329 3337 390 3396 eius
405 3339 433 3395 in
447 3337 653 3396 matrimonium
669 3335 752 3414 petit,
767 3335 875 3396 Fausto
892 3335 990 3396 Sullae
1006 3333 1093 3393 desti-

99 3425 202 3477 natam.
248 3415 383 3480 Omnibus
403 3437 475 3480 vero
497 3422 574 3480 circa
594 3437 658 3479 eum
679 3427 765 3498 atque
787 3420 871 3479 etiam
892 3428 975 3498 parte
990 3433 1093 3488 manna
1202 3463 1206 3470 .

99 3509 215 3561 senatus
230 3501 356 3578 gratuito
377 3512 424 3562 aut
446 3503 504 3562 levi
518 3504 640 3563 foenore
655 3502 817 3580 obstrictis,
841 3522 878 3563 ex
891 3503 1006 3581 reliquo
1023 3517 1093 3580 qno·
