2434 3908
164 225 250 273 1.v111
500 224 705 272 PRAEFATIO·

167 391 283 456 gaverat
297 392 410 458 emptus.
454 383 562 440 Librum
579 383 696 439 omnium
713 383 843 455 optimum
863 391 891 440 et
910 384 1065 458 integerri-

167 485 238 525 mum
252 468 348 537 (etiam
364 483 444 536 nunc,
460 473 603 538 postquam
610 467 748 523 Gudianus
761 463 896 541 accessit)
913 469 1066 540 diligenter

167 551 376 624 descripserunt
390 556 418 605 et
433 551 606 606 coutulerunt
619 551 774 608 ludovicus
790 553 874 608 Troes
893 552 920 607 iu
939 553 1065 609 editione

167 636 314 693 Hammone
331 653 357 691 a.
373 639 439 694 1841
451 635 571 704 vulgata,
584 635 657 690 Frid.
674 634 778 690 llitscbl
793 633 820 689 in
836 634 964 706 l’arergis
981 635 1066 693 l’lau·

167 720 232 775 tiuis
250 725 265 778 l
280 736 307 791 p.
322 724 389 788 609,
409 719 449 774 lo.
465 717 544 776 Ford.
559 719 711 775 llassmanu
727 718 762 774 ad
777 718 864 773 Taciti
881 719 1063 776 Germaniam.

207 810 234 863 3.
267 802 444 859 Gudianus
463 807 514 872 93,
540 802 714 872 Guelferbyti
740 802 880 873 repositus
906 803 957 858 clr.
978 803 1065 860 libert

166 887 233 944 bibl.
251 885 390 943 Guellerb.
405 903 432 958 p.
451 892 515 955 159,
538 884 668 941 loliorum
686 885 923 956 quaternariomm
944 893 1064 959 septem,

166 970 295 1042 optimus.
337 969 397 1024 bloa
412 969 502 1040 gratia
517 968 729 1039 diligentissime
747 970 863 1026 contulit
879 969 1064 1027 amicissimus

166 1055 209 1110 vir
226 1053 431 1110 Theodorus
450 1052 616 1108 llloebins
629 1052 790 1123 Lipsiensis.

229 1137 375 1194 Praeterea
400 1136 428 1193 in
443 1135 620 1192 Vaticano
635 1141 719 1206 4498,
743 1137 770 1192 in
787 1153 841 1208 quo
857 1137 994 1194 volumine
1014 1153 1064 1194 sn-

165 1239 216 1295 per
230 1222 301 1277 duos
316 1220 403 1277 Taciti
423 1219 536 1276 libellos
559 1218 682 1275 eiusdem
697 1219 847 1290 Agricola,
869 1222 935 1276 item
956 1221 1062 1278 Plinius

167 1307 201 1361 de
226 1304 295 1362 viris
321 1304 476 1360 illustribus
501 1303 640 1374 multaque
664 1304 718 1360 alia
745 1302 849 1375 scripta
877 1304 1063 1376 continentur,

165 1390 317 1445 llassmann
336 1389 452 1444 cundem
471 1387 607 1442 nominum
628 1387 748 1443 indicem
769 1389 922 1460 praellxum
941 1387 1064 1444 inveniri

164 1474 260 1528 refert.
303 1471 360 1526 llee
382 1471 470 1526 minus
491 1470 518 1525 in
544 1469 787 1542 Neapolitano
809 1471 870 1527 sive
893 1471 1063 1528 l’arnesiano

162 1556 235 1610 idem
247 1554 338 1609 videri
357 1554 462 1626 poterit
482 1552 601 1625 scriptus
617 1571 696 1624 esse,
719 1571 779 1610 cnm
802 1562 877 1610 certe
899 1556 926 1610 in
942 1553 1064 1612 Taciteis

162 1638 267 1694 libellis
296 1638 437 1709 exemplar
457 1637 525 1691 illud
554 1637 726 1707 superiorum
748 1645 775 1692 et
795 1638 911 1694 maximo
934 1638 1062 1695 Vaticani

164 1727 232 1782 1518
250 1737 343 1777 comes
357 1721 394 1776 sit
411 1726 570 1793 perpetuus.
615 1719 716 1776 Contra
738 1721 856 1777 omissus
871 1729 924 1792 est,
940 1722 1061 1778 consilio

163 1811 230 1876 puto
246 1805 378 1873 editoris,
399 1805 426 1859 in
439 1804 646 1859 Florentina
663 1805 785 1860 editione
805 1824 829 1862 u.
846 1811 928 1869 1478;
945 1819 1062 1876 namque

163 1906 196 1944 ea
218 1905 278 1943 cum
294 1888 375 1944 libris
391 1889 471 1944 modo
487 1887 654 1943 enumeratis
670 1888 775 1960 alioqui
797 1890 958 1961 conspIrare
977 1889 1061 1945 solet.

225 1972 282 2028 lam
302 1973 346 2027 his
363 1972 442 2027 libris
458 1972 572 2027 altorum
590 1972 725 2028 librorum
748 1989 835 2042 genus
851 1974 1001 2044 opponitur
1020 1973 1061 2027 in-

163 2057 225 2112 dice
251 2056 300 2112 illo
322 2056 495 2120 destitutum,
523 2072 636 2110 numero
658 2055 760 2125 maius,
785 2056 909 2113 bonitate
932 2057 1061 2112 inlerIus.

162 2140 319 2211 Diligenter
335 2140 429 2196 collati
445 2146 508 2194 sunt
522 2139 566 2194 hi:

205 2231 230 2280 1.
251 2223 519 2292 Berolinensis,
535 2223 615 2278 simul
631 2239 691 2278 cum
708 2223 854 2280 Caesarum
871 2224 936 2279 vitis
953 2226 987 2281 ab
1002 2224 1062 2279 An-

163 2307 240 2362 tonio
257 2308 402 2363 sinibaldo
420 2306 535 2378 Neapoli
554 2323 578 2361 a.
594 2311 660 2366 1477
676 2309 805 2381 scriptus.
850 2307 916 2362 Eius
931 2307 1064 2363 collatin-

164 2405 225 2444 uem
241 2406 294 2445 non
306 2389 485 2460 indiligenter
501 2389 598 2445 luctam
613 2390 683 2447 Frid.
697 2388 788 2447 Osann
801 2397 958 2462 acceperat,
975 2391 1062 2446 multo

165 2473 365 2527 accuratiorem
393 2472 459 2527 mihi
488 2473 561 2528 dono
590 2473 666 2527 dedit
696 2475 898 2545 liudolphus
926 2475 1061 2531 Burclr-

164 2555 271 2610 bardt
289 2555 466 2624 Basiliensis‚
489 2562 601 2611 nostrae
626 2556 792 2628 disciplinae
817 2574 871 2614 non
892 2558 930 2614 ita
953 2559 1061 2630 pridem

164 2639 297 2695 alumnus.
341 2638 401 2694 llou
422 2655 485 2694 esse
500 2640 572 2694 hunc
592 2640 716 2695 codicem
739 2641 906 2712 exscriptum
922 2658 938 2697 a
955 2642 1062 2697 Veneta

164 2721 289 2779 editione
305 2738 328 2777 a.
346 2727 423 2791 1474,
439 2739 498 2777 cum
514 2739 566 2794 qua
584 2723 651 2779 mira
668 2726 694 2778 ei
710 2724 886 2780 necessitudo
902 2723 1061 2794 intercedit,

163 2808 245 2863 multa
269 2807 465 2877 comprobant,
498 2813 527 2861 ut
552 2823 604 2861 una
630 2806 781 2878 eademque
806 2809 907 2879 pagina
928 2813 981 2867 258
1007 2808 1061 2862 bae

162 2890 314 2946 lectiones:
341 2891 454 2958 viveret,
477 2897 557 2961 utque
579 2892 679 2962 magas,
702 2894 794 2962 pretio
817 2906 897 2961 nero,
923 2894 1061 2963 inpressu,

161 2975 273 3045 epistota
289 2975 413 3044 ostendit,
425 2973 522 3044 naida,
538 2990 651 3045 quarum
668 2975 731 3030 loco
750 2975 838 3032 editio
852 2976 900 3031 illa
915 2977 963 3031 has
979 2989 1063 3046 prac-

163 3057 231 3114 lert:
247 3058 362 3128 suberit,
378 3073 412 3112 oc
425 3061 525 3129 magu,
536 3061 642 3128 pretia,
656 3074 769 3130 pressu,
784 3062 912 3129 epistola,
928 3059 1018 3130 tigillo.

204 3146 231 3198 2.
251 3141 467 3197 llarleianus
490 3147 574 3211 2639,
598 3142 723 3198 bondinii
745 3143 772 3198 in
792 3159 886 3198 museo
903 3140 1063 3198 Britannico

163 3225 319 3294 repositus,
341 3225 461 3296 scriptus
483 3234 512 3281 nt
526 3226 635 3282 videtur
653 3243 678 3282 a.
700 3233 766 3287 1461
782 3233 811 3282 et
835 3243 895 3282 cum
911 3226 1005 3282 Tacito
1026 3225 1063 3280 de

164 3305 328 3363 Oratoribus
339 3309 510 3366 coniunctus.
555 3309 728 3367 Examinavit
745 3329 770 3367 a.
789 3315 854 3369 1851
870 3310 942 3365 Frid.
958 3308 1062 3364 Osann.

206 3395 232 3450 3.
250 3389 437 3448 Parisinus
450 3399 530 3463 7173,
546 3395 681 3464 quondam
697 3394 872 3465 Petavianus,
887 3410 948 3450 cum
963 3393 1064 3448 eodem

164 3473 254 3530 Taciti
270 3473 367 3529 libello
384 3479 547 3546 cohaerens,
563 3477 681 3532 omnium
697 3478 829 3534 librorum
842 3485 869 3533 et
883 3476 1020 3550 pessimus
1034 3481 1065 3530 et
