2450 3910
845 49 995 240 §aa

154 242 214 304 250
237 255 578 314 assumeremus
596 204 643 302 nn
659 257 741 303 vrrs
757 246 978 375 cnnspnuu
956 258 1028 306 1113.
1044 259 1129 308 vm.
1208 255 1209 296 t

86 447 90 455 ·
154 413 299 491 propositi
313 412 434 488 gratiam
448 412 547 470 iacere
562 429 619 469 non
634 412 688 472 alia
704 413 797 489 magis
814 430 853 470 re
861 413 1026 492 compulsus
1047 415 1160 476 creda

153 507 208 570 tur,
222 513 309 598 quam
324 494 401 591 quod
419 493 512 574 sparsi
530 495 621 554 libelli
638 514 702 555 cum
718 497 764 555 his
780 496 914 556 versibus
933 504 1028 557 erant:
1208 499 1209 504 ’

184 573 261 640 Ko'lc
267 597 325 676 με
345 569 453 660 φάγῃς
475 572 586 639 dett
550 569 697 658 ῥίζαν,“
678 600 768 677 opera
785 579 834 640 ἔτι
854 573 1123 682 aopmpqtopsioas,
1208 591 1209 634 t

118 672 121 680 '
267 653 393 734 “Oocov
413 641 612 724 ἐπισπεῖσαι]
619 663 684 741 σοί,
706 655 817 744 τράγε,
839 659 1007 748 θυομένῳ.
1194 671 1209 722 lt

91 752 121 808 s
152 748 261 809 Eadem
281 748 432 807 tormidine
454 747 581 807 oblatum
608 766 623 808 a
645 758 746 808 senatu
770 767 875 809 novum
900 758 929 809 et
953 749 1180 826 excogitatuma

152 834 310 908 honorem,
328 849 496 910 quamquam
514 833 637 892 omnium
651 832 749 892 talium
770 833 1039 911 appetentissimus,
1066 853 1157 894 rccu-
1208 833 1209 912 q

153 918 237 995 sarit,
254 923 311 995 quo
327 918 475 976 decretum
487 925 550 976 erat
560 926 599 994 ut,
615 919 748 995 quotiens
760 927 879 993 gereret
895 917 1075 976 consulatum
1078 936 1156 998 ,.eq

150 1001 186 1061 R.
206 1002 309 1080 quibus
327 1017 392 1060 sors
411 1000 574 1077 obtigisset,
590 999 712 1060 trabeati
731 1009 761 1060 et
784 1019 848 1061 cum
868 1000 958 1060 hastis
979 1001 1157 1062 militaribus
1208 1027 1209 1060 ;

152 1086 364 1168 praecederent
380 1103 443 1144 enm
457 1087 532 1143 inter
544 1084 665 1144 lictores
683 1087 933 1163 apparitoresque.
1208 1077 1209 1104 ¹

213 1172 358 1249 Tempore
389 1169 518 1249 suspecti
547 1168 670 1248 periculi
694 1171 961 1267 appropinquante,
994 1169 1187 1230 sollicitiora

150 1256 179 1315 in
202 1255 282 1332 dies,
305 1257 483 1334 pericuum,
507 1255 536 1312 in
558 1253 660 1332 quibus
686 1254 804 1332 spatiari
828 1263 995 1330 consuerat,
1009 1256 1156 1353 ‘parietes

151 1341 290 1420 phengite
312 1338 409 1417 lapide
436 1300 577 1414 dislinxit,
606 1357 622 1396 e
646 1337 725 1397 cuius
750 1337 908 1436 splendore
932 1355 985 1416 per
1007 1340 1155 1416 imagines

151 1425 288 1505 quidquid
306 1442 322 1483 a
343 1431 428 1501 tergo
448 1425 531 1482 lieret
551 1383 728 1508 provideret.
764 1419 829 1482 Nec
849 1423 903 1480 nisi
925 1430 1040 1482 secreto
1060 1433 1153 1501 atque

151 1510 231 1570 solus
247 1509 403 1587 plerasque
423 1506 569 1567 custodias
576 1508 735 1586 ,receptis
754 1506 899 1584 quidem
889 1525 917 1564 rn
937 1524 1050 1566 manum
1072 1517 1152 1568 cate

151 1595 205 1669 nis,
219 1590 362 1652 audiebat
393 1592 489 1670 thue
512 1553 679 1652 domesticis
706 1590 909 1668 persuaderet,
933 1607 970 1648 ne
990 1590 1068 1650 bono
1088 1593 1151 1669 qui-
1162 1613 1185 1652 ιι

151 1677 216 1737 dem
234 1675 369 1754 exemplo
386 1674 544 1736 audendam
566 1693 633 1734 esse
650 1677 762 1754 patroni
779 1691 896 1749 necem,
921 1673 1152 1754 Epaphroditum

151 1759 289 1820 alibellis
312 1759 427 1836 capitali
450 1775 546 1838 poena
571 1758 785 1837 condemnavit,
808 1759 885 1838 quod
908 1768 974 1838 post
989 1759 1150 1820 destitutio·

150 1861 215 1904 nem
230 1843 310 1904 Nero
327 1845 357 1901 in
372 1843 559 1921 adipiscenda
573 1853 664 1903 morte
685 1861 768 1902 manu
789 1845 851 1902 eins
872 1844 983 1904 adiutus
1004 1845 1151 1905 existima·

112 1943 142 1994 15
153 1921 260 1990 batur!
277 1926 409 2005 Denique
430 1927 560 1988 Flavium
581 1925 758 1987 Clementem
778 1927 938 2006 patruelem
961 1945 1056 2004 suum,
1079 1945 1149 1988 ecn-

150 2015 358 2091 temptissimae
373 2013 510 2088 inertiae,
534 2013 615 2071 cuius
638 2011 715 2071 lilios
739 2013 902 2072 etiamtum
928 2011 1067 2089 parvulos
1083 2030 1182 2075 suc-sa

151 2115 287 2158 cessores
304 2097 399 2176 palam
415 2097 610 2156 destinaverat
624 2105 668 2173 et,
684 2095 793 2157 abolito
808 2097 909 2175 priore
923 2099 1053 2170 nornine,
1077 2097 1149 2158 alte·

149 2202 212 2242 rum
232 2184 442 2280 Vespasianum
463 2179 604 2260 appellari
629 2182 768 2256 iusserat,
795 2179 916 2240 alterum
944 2180 1149 2256 Domitianum,

150 2275 272 2345 repente
296 2285 333 2326 ex
359 2267 524 2325 tenuissima
555 2264 715 2346 suspitione
739 2272 845 2323 tantum
871 2281 929 2322 non
950 2266 978 2323 in
997 2266 1067 2363 ipso
1086 2265 1150 2324 eius
1208 2259 1209 2340 ,

152 2350 321 2410 consulatu
313 2351 463 2410 interemit.
491 2349 555 2423 Quo
567 2349 689 2408 maxime
700 2347 778 2407 iacto
791 2350 940 2408 maturavit
952 2347 1007 2408 sibi
1020 2349 1147 2408 exitium.

74 2437 120 2496 R
214 2432 362 2493 continuis
388 2443 456 2494 octo
481 2431 628 2491 mensibus
656 2441 699 2492 tot
723 2432 837 2508 fulgura
859 2431 938 2491 laeta
963 2434 1182 2510 nuntiataqueaa

151 2526 224 2593 sunt,
241 2527 270 2574 ut
285 2517 508 2577 exclamaverit:
530 2515 664 2576 Feriot
652 2534 725 2591 som,
741 2534 829 2595 qoem
842 2514 943 2576 colet!
977 2515 1095 2576 'lactum
1112 2515 1149 2575 de

151 2601 235 2662 caelo
258 2598 431 2680 capitolium
451 2601 645 2678 templumque
671 2600 788 2660 Flaviae
815 2601 927 2676 gentis,
953 2602 1019 2660 itam
1046 2598 1151 2660 domus

149 2685 278 2748 Palatina
294 2694 322 2745 et
337 2685 498 2744 cubiculum
519 2686 620 2762 ipsius,
639 2694 725 2762 atque
743 2687 829 2744 etiam
845 2701 861 2742 e
879 2683 942 2744 basi
966 2692 1077 2745 statuae
1099 2685 1149 2743 tri·

149 2770 292 2849 omphalis
314 2769 411 2829 titulus
426 2787 566 2829 excussus
586 2771 614 2827 vi
637 2768 788 2846 procellae
810 2769 838 2827 in
858 2769 1061 2828 monimentum
1079 2786 1149 2847 pro·

149 2873 263 2915 numum
290 2852 405 2914 decidit.
447 2853 561 2929 Arbor,
591 2871 665 2932 quae
694 2854 808 2932 privato
840 2851 933 2913 adhuc
963 2854 1182 2933 Vespasianoaa

150 2958 254 3000 eversa
271 2947 450 3015 surrexerat,
468 2948 536 2998 tunc
550 2956 650 2998 rursus
666 2945 789 3015 repente
806 2939 924 2997 comuit.
959 2936 1150 3008 Praenestina
1208 2973 1209 3016 ι

147 3022 292 3100 Fortuna,
310 3031 372 3083 toto
386 3023 499 3101 imperii
514 3025 609 3102 spatio
629 3039 730 3082 annum
749 3037 855 3080 novum
868 3020 1078 3082 commendanti
1090 3021 1149 3081 lae·
1208 3025 1209 3052 ¹

148 3116 204 3166 tarn
223 3107 402 3185 eandemque
421 3122 537 3184 semper
552 3115 662 3166 sortem
675 3105 744 3166 dare
759 3114 886 3181 assueta,
899 3114 1032 3166 extremo
1043 3106 1150 3165 tristis·
1208 3179 1209 3186 ἵ

149 3194 247 3251 simam
264 3192 397 3267 reddidit,
414 3209 470 3251 nee
490 3193 551 3250 sine
566 3191 714 3267 sanguinis
727 3190 882 3250 mentione.
1208 3187 1209 3230 t

210 3274 367 3335 lllinervam
373 3293 484 3353 ,quam
500 3277 702 3352 superstitiose
726 3271 858 3351 colebat,
884 3272 1037 3334 somniarit
1060 3291 1148 3334 exce·
1137 3286 1209 3328 ³⁵

149 3353 219 3412 dere
237 3360 365 3418 sacrario
384 3358 628 3435 *negantemque
643 3359 718 3420 ultra
736 3377 768 3418 se
783 3320 858 3417 tueri
869 3376 934 3416 eum
953 3374 1054 3436 posse,
1072 3331 1209 3436 quod

149 3447 295 3496 exarmata
317 3449 427 3498 esseta
447 3440 528 3500 love
565 3440 651 3500 Nulla
674 3452 768 3502 tamen
788 3459 822 3500 re
844 3441 964 3519 perinde
988 3449 1152 3500 commotus

149 3529 202 3596 est,
217 3537 300 3598 quam
316 3539 459 3598 responso
473 3540 599 3598 casuque
611 3523 821 3586 Ascletarionis
832 3523 1034 3584 mathematici.
1065 3521 1152 3584 llunc
