<?xml version="1.0" encoding="UTF-8"?>
<!DOCTYPE html PUBLIC "-//W3C//DTD XHTML 1.0 Transitional//EN"
    "http://www.w3.org/TR/xhtml1/DTD/xhtml1-transitional.dtd">
<html xmlns="http://www.w3.org/1999/xhtml" xml:lang="en" lang="en">
 <head>
  <title>
</title>
<meta http-equiv="Content-Type" content="text/html;charset=utf-8" />
  <meta name='ocr-system' content='tesseract 3.04.00' />
  <meta name='ocr-capabilities' content='ocr_page ocr_carea ocr_par ocr_line ocrx_word'/>
</head>
<body>
  <div class='ocr_page' id='page_1' title='image "./csuetonitranqui00suetgoog_0105.png"; bbox 0 0 2468 3912; ppageno 0'>
   <div class='ocr_carea' id='block_1_1' title="bbox 203 204 749 258">
    <p class='ocr_par' dir='ltr' id='par_1_1' title="bbox 203 204 749 258">
     <span class='ocr_line' id='line_1_1' title="bbox 203 204 749 258; baseline -0.015 1"><span class='ocrx_word' id='word_1_1' title='bbox 203 209 313 258; x_wconf 78' lang='lat' dir='ltr'><strong>xcvnl</strong></span> <span class='ocrx_word' id='word_1_2' title='bbox 543 204 749 252; x_wconf 74' lang='lat' dir='ltr'><strong>PRAEFATIO.</strong></span> 
     </span>
    </p>
   </div>
   <div class='ocr_carea' id='block_1_2' title="bbox 205 363 1104 521">
    <p class='ocr_par' dir='ltr' id='par_1_2' title="bbox 205 363 1104 521">
     <span class='ocr_line' id='line_1_2' title="bbox 205 363 1103 443; baseline -0.009 -15"><span class='ocrx_word' id='word_1_3' title='bbox 205 385 232 443; x_wconf 83' lang='lat' dir='ltr'><strong>p.</strong></span> <span class='ocrx_word' id='word_1_4' title='bbox 247 374 308 437; x_wconf 82' lang='lat'>319,</span> <span class='ocrx_word' id='word_1_5' title='bbox 323 373 358 424; x_wconf 87' lang='grc'><strong>20</strong></span> <span class='ocrx_word' id='word_1_6' title='bbox 372 365 523 422; x_wconf 84' lang='lat' dir='ltr'><strong>truduntur.</strong></span> <span class='ocrx_word' id='word_1_7' title='bbox 555 363 612 420; x_wconf 81' lang='lat' dir='ltr'><strong>Nee</strong></span> <span class='ocrx_word' id='word_1_8' title='bbox 628 379 715 436; x_wconf 84' lang='lat' dir='ltr'><strong>peuce</strong></span> <span class='ocrx_word' id='word_1_9' title='bbox 731 363 802 434; x_wconf 83' lang='lat' dir='ltr'><strong>opud</strong></span> <span class='ocrx_word' id='word_1_10' title='bbox 817 364 906 420; x_wconf 81' lang='lat' dir='ltr'><strong>bonos</strong></span> <span class='ocrx_word' id='word_1_11' title='bbox 923 363 990 420; x_wconf 89' lang='lat' dir='ltr'><strong>urtis</strong></span> <span class='ocrx_word' id='word_1_12' title='bbox 1004 363 1103 420; x_wconf 87' lang='lat' dir='ltr'><strong>dueto-</strong></span> 
     </span>
     <span class='ocr_line' id='line_1_3' title="bbox 206 443 1104 521; baseline -0.01 -14"><span class='ocrx_word' id='word_1_13' title='bbox 206 468 264 516; x_wconf 84' lang='lat' dir='ltr'><strong>res,</strong></span> <span class='ocrx_word' id='word_1_14' title='bbox 279 451 388 506; x_wconf 82' lang='lat' dir='ltr'><strong>Festum</strong></span> <span class='ocrx_word' id='word_1_15' title='bbox 404 447 469 505; x_wconf 87' lang='lat' dir='ltr'><strong>dieo</strong></span> <span class='ocrx_word' id='word_1_16' title='bbox 483 454 511 503; x_wconf 90' lang='lat' dir='ltr'><strong>et</strong></span> <span class='ocrx_word' id='word_1_17' title='bbox 527 443 731 521; x_wconf 76' lang='lat' dir='ltr'><strong>charisium⁹⁰),</strong></span> <span class='ocrx_word' id='word_1_18' title='bbox 748 445 877 503; x_wconf 84' lang='lat' dir='ltr'><strong>similiter</strong></span> <span class='ocrx_word' id='word_1_19' title='bbox 894 447 1020 504; x_wconf 84' lang='lat' dir='ltr'><strong>inuenies</strong></span> <span class='ocrx_word' id='word_1_20' title='bbox 1037 464 1104 519; x_wconf 89' lang='lat' dir='ltr'><strong>per.</strong></span> 
     </span>
    </p>
   </div>
   <div class='ocr_carea' id='block_1_3' title="bbox 206 531 1214 606">
    <p class='ocr_par' dir='ltr' id='par_1_3' title="bbox 206 531 1214 606">
     <span class='ocr_line' id='line_1_4' title="bbox 206 531 1214 606; baseline -0.002 -16"><span class='ocrx_word' id='word_1_21' title='bbox 206 535 310 606; x_wconf 88' lang='lat' dir='ltr'><strong>seripte</strong></span> <span class='ocrx_word' id='word_1_22' title='bbox 326 539 407 604; x_wconf 86' lang='lat' dir='ltr'><strong>utque</strong></span> <span class='ocrx_word' id='word_1_23' title='bbox 426 532 472 587; x_wconf 84' lang='lat' dir='ltr'><strong>hie</strong></span> <span class='ocrx_word' id='word_1_24' title='bbox 487 531 653 588; x_wconf 75' lang='lat' dir='ltr'><strong>scribuntur.</strong></span> <span class='ocrx_word' id='word_1_25' title='bbox 695 531 836 587; x_wconf 87' lang='lat' dir='ltr'><strong>Postremo</strong></span> <span class='ocrx_word' id='word_1_26' title='bbox 861 532 894 587; x_wconf 87' lang='lat' dir='ltr'><strong>ud</strong></span> <span class='ocrx_word' id='word_1_27' title='bbox 911 531 1104 588; x_wconf 85' lang='lat' dir='ltr'><strong>uindiouudurn</strong></span> <span class='ocrx_word' id='word_1_28' title='bbox 1213 538 1214 558; x_wconf 72' lang='lat'><em>²</em></span> 
     </span>
    </p>
   </div>
   <div class='ocr_carea' id='block_1_4' title="bbox 205 613 1105 1526">
    <p class='ocr_par' dir='ltr' id='par_1_4' title="bbox 207 613 1105 857">
     <span class='ocr_line' id='line_1_5' title="bbox 207 613 1105 687; baseline 0 -15"><span class='ocrx_word' id='word_1_29' title='bbox 207 617 287 672; x_wconf 87' lang='lat' dir='ltr'><strong>titulo</strong></span> <span class='ocrx_word' id='word_1_30' title='bbox 300 617 416 687; x_wconf 81' lang='lat' dir='ltr'><strong>aliquem</strong></span> <span class='ocrx_word' id='word_1_31' title='bbox 428 617 618 672; x_wconf 76' lang='lat' dir='ltr'><strong>auctoritatem</strong></span> <span class='ocrx_word' id='word_1_32' title='bbox 629 613 789 684; x_wconf 73' lang='lat' dir='ltr'>Hieronymi</span> <span class='ocrx_word' id='word_1_33' title='bbox 804 616 884 670; x_wconf 84' lang='lat' dir='ltr'><strong>loeus</strong></span> <span class='ocrx_word' id='word_1_34' title='bbox 899 614 945 686; x_wconf 90' lang='lat' dir='ltr'><strong>qui</strong></span> <span class='ocrx_word' id='word_1_35' title='bbox 961 615 996 671; x_wconf 90' lang='lat' dir='ltr'><strong>de</strong></span> <span class='ocrx_word' id='word_1_36' title='bbox 1006 614 1105 672; x_wconf 84' lang='lat' dir='ltr'><strong>Pulue-</strong></span> 
     </span>
     <span class='ocr_line' id='line_1_6' title="bbox 207 693 1104 771; baseline -0.001 -15"><span class='ocrx_word' id='word_1_37' title='bbox 207 716 287 757; x_wconf 83' lang='lat' dir='ltr'><strong>moue</strong></span> <span class='ocrx_word' id='word_1_38' title='bbox 317 700 432 770; x_wconf 88' lang='lat' dir='ltr'><strong>eiusque</strong></span> <span class='ocrx_word' id='word_1_39' title='bbox 453 699 708 771; x_wconf 77' lang='lat' dir='ltr'><strong>distinguendorum</strong></span> <span class='ocrx_word' id='word_1_40' title='bbox 728 699 924 755; x_wconf 80' lang='lat' dir='ltr'><strong>vocabulorum</strong></span> <span class='ocrx_word' id='word_1_41' title='bbox 944 698 1035 755; x_wconf 89' lang='lat' dir='ltr'><strong>studio</strong></span> <span class='ocrx_word' id='word_1_42' title='bbox 1048 693 1104 756; x_wconf 76' lang='lat' dir='ltr'><strong>‘est</strong></span> 
     </span>
     <span class='ocr_line' id='line_1_7' title="bbox 207 777 478 857; baseline 0 -19"><span class='ocrx_word' id='word_1_43' title='bbox 207 784 302 840; x_wconf 76' lang='lat' dir='ltr'><strong>faeere</strong></span> <span class='ocrx_word' id='word_1_44' title='bbox 318 783 422 856; x_wconf 90' lang='lat' dir='ltr'><strong>poterit</strong></span> <span class='ocrx_word' id='word_1_45' title='bbox 432 777 478 857; x_wconf 51' lang='grc' dir='ltr'><strong>θ’).</strong></span> 
     </span>
    </p>

    <p class='ocr_par' dir='ltr' id='par_1_5' title="bbox 205 866 1103 1526">
     <span class='ocr_line' id='line_1_8' title="bbox 270 866 1100 937; baseline 0.004 -16"><span class='ocrx_word' id='word_1_46' title='bbox 270 867 345 924; x_wconf 87' lang='lat' dir='ltr'><strong>Huee</strong></span> <span class='ocrx_word' id='word_1_47' title='bbox 359 866 384 923; x_wconf 91' lang='lat' dir='ltr'><strong>si</strong></span> <span class='ocrx_word' id='word_1_48' title='bbox 399 873 477 922; x_wconf 87' lang='lat' dir='ltr'><strong>reete</strong></span> <span class='ocrx_word' id='word_1_49' title='bbox 492 866 668 937; x_wconf 86' lang='lat' dir='ltr'><strong>inutrumque</strong></span> <span class='ocrx_word' id='word_1_50' title='bbox 685 872 789 937; x_wconf 88' lang='lat' dir='ltr'><strong>purtem</strong></span> <span class='ocrx_word' id='word_1_51' title='bbox 798 866 935 937; x_wconf 81' lang='lat' dir='ltr'><strong>disputate</strong></span> <span class='ocrx_word' id='word_1_52' title='bbox 948 882 1011 922; x_wconf 85' lang='lat' dir='ltr'><strong>esse</strong></span> <span class='ocrx_word' id='word_1_53' title='bbox 1022 866 1100 924; x_wconf 82' lang='lat' dir='ltr'><strong>vide-</strong></span> 
     </span>
     <span class='ocr_line' id='line_1_9' title="bbox 207 948 1101 1022; baseline -0.002 -14"><span class='ocrx_word' id='word_1_54' title='bbox 207 952 324 1022; x_wconf 88' lang='lat' dir='ltr'><strong>buntur,</strong></span> <span class='ocrx_word' id='word_1_55' title='bbox 342 967 408 1007; x_wconf 87' lang='lat' dir='ltr'><strong>vere</strong></span> <span class='ocrx_word' id='word_1_56' title='bbox 425 950 573 1007; x_wconf 79' lang='lat' dir='ltr'><strong>Suetonius</strong></span> <span class='ocrx_word' id='word_1_57' title='bbox 593 950 783 1020; x_wconf 81' lang='lat' dir='ltr'><strong>homonymieu</strong></span> <span class='ocrx_word' id='word_1_58' title='bbox 802 950 935 1021; x_wconf 78' lang='lat' dir='ltr'><strong>quaedam</strong></span> <span class='ocrx_word' id='word_1_59' title='bbox 951 966 987 1005; x_wconf 87' lang='lat' dir='ltr'><strong>ex</strong></span> <span class='ocrx_word' id='word_1_60' title='bbox 1004 948 1101 1006; x_wconf 83' lang='lat' dir='ltr'><strong>Pulue-</strong></span> 
     </span>
     <span class='ocr_line' id='line_1_10' title="bbox 207 1032 1102 1106; baseline -0.003 -14"><span class='ocrx_word' id='word_1_61' title='bbox 207 1034 295 1092; x_wconf 89' lang='lat' dir='ltr'><strong>ruonis</strong></span> <span class='ocrx_word' id='word_1_62' title='bbox 325 1034 399 1091; x_wconf 89' lang='lat' dir='ltr'><strong>libro</strong></span> <span class='ocrx_word' id='word_1_63' title='bbox 431 1035 563 1106; x_wconf 87' lang='lat' dir='ltr'><strong>deoerptu</strong></span> <span class='ocrx_word' id='word_1_64' title='bbox 592 1033 620 1088; x_wconf 90' lang='lat' dir='ltr'><strong>in</strong></span> <span class='ocrx_word' id='word_1_65' title='bbox 651 1032 757 1088; x_wconf 77' lang='lat' dir='ltr'><strong>Pratum</strong></span> <span class='ocrx_word' id='word_1_66' title='bbox 782 1049 861 1089; x_wconf 89' lang='lat' dir='ltr'><strong>suum</strong></span> <span class='ocrx_word' id='word_1_67' title='bbox 884 1032 992 1103; x_wconf 86' lang='lat' dir='ltr'><strong>intulit,</strong></span> <span class='ocrx_word' id='word_1_68' title='bbox 1017 1033 1102 1105; x_wconf 86' lang='lat' dir='ltr'><strong>idque</strong></span> 
     </span>
     <span class='ocr_line' id='line_1_11' title="bbox 207 1116 1102 1192; baseline -0.003 -17"><span class='ocrx_word' id='word_1_69' title='bbox 207 1125 290 1192; x_wconf 88' lang='lat' dir='ltr'><strong>euput</strong></span> <span class='ocrx_word' id='word_1_70' title='bbox 307 1119 450 1191; x_wconf 81' lang='lat' dir='ltr'><strong>posterior</strong></span> <span class='ocrx_word' id='word_1_71' title='bbox 469 1117 570 1188; x_wconf 84' lang='lat' dir='ltr'><strong>uliquis</strong></span> <span class='ocrx_word' id='word_1_72' title='bbox 591 1116 724 1187; x_wconf 77' lang='lat' dir='ltr'><strong>magister</strong></span> <span class='ocrx_word' id='word_1_73' title='bbox 741 1116 892 1189; x_wconf 84' lang='lat' dir='ltr'><strong>desoripsit</strong></span> <span class='ocrx_word' id='word_1_74' title='bbox 908 1117 1102 1188; x_wconf 87' lang='lat' dir='ltr'><strong>simiiibusque</strong></span> 
     </span>
     <span class='ocr_line' id='line_1_12' title="bbox 206 1199 1103 1272; baseline -0.004 -12"><span class='ocrx_word' id='word_1_75' title='bbox 206 1203 371 1260; x_wconf 78' lang='lat' dir='ltr'><strong>differentiis</strong></span> <span class='ocrx_word' id='word_1_76' title='bbox 388 1203 531 1259; x_wconf 83' lang='lat' dir='ltr'><strong>uduuotuur</strong></span> <span class='ocrx_word' id='word_1_77' title='bbox 547 1206 575 1255; x_wconf 91' lang='lat' dir='ltr'><strong>et</strong></span> <span class='ocrx_word' id='word_1_78' title='bbox 597 1199 839 1258; x_wconf 78' lang='lat' dir='ltr'><strong>observationibus</strong></span> <span class='ocrx_word' id='word_1_79' title='bbox 859 1201 1043 1272; x_wconf 77' lang='lat' dir='ltr'><strong>grammatiois</strong></span> <span class='ocrx_word' id='word_1_80' title='bbox 1058 1201 1103 1256; x_wconf 83' lang='lat' dir='ltr'><strong>di-</strong></span> 
     </span>
     <span class='ocr_line' id='line_1_13' title="bbox 206 1283 1101 1357; baseline -0.002 -15"><span class='ocrx_word' id='word_1_81' title='bbox 206 1285 281 1343; x_wconf 89' lang='lat' dir='ltr'><strong>versi</strong></span> <span class='ocrx_word' id='word_1_82' title='bbox 305 1285 418 1357; x_wconf 78' lang='lat' dir='ltr'><strong>generis</strong></span> <span class='ocrx_word' id='word_1_83' title='bbox 445 1285 638 1357; x_wconf 77' lang='lat' dir='ltr'><strong>interpolatum</strong></span> <span class='ocrx_word' id='word_1_84' title='bbox 657 1284 730 1338; x_wconf 82' lang='lat' dir='ltr'><strong>houd</strong></span> <span class='ocrx_word' id='word_1_85' title='bbox 758 1301 824 1341; x_wconf 85' lang='lat' dir='ltr'><strong>sune</strong></span> <span class='ocrx_word' id='word_1_86' title='bbox 846 1283 967 1340; x_wconf 83' lang='lat' dir='ltr'><strong>telioiter</strong></span> <span class='ocrx_word' id='word_1_87' title='bbox 984 1284 1101 1356; x_wconf 83' lang='lat' dir='ltr'><strong>emptius</strong></span> 
     </span>
     <span class='ocr_line' id='line_1_14' title="bbox 205 1367 1101 1440; baseline -0.003 -14"><span class='ocrx_word' id='word_1_88' title='bbox 205 1371 280 1427; x_wconf 85' lang='lat' dir='ltr'><strong>feeit.</strong></span> <span class='ocrx_word' id='word_1_89' title='bbox 317 1370 373 1426; x_wconf 87' lang='lat' dir='ltr'><strong>Sed</strong></span> <span class='ocrx_word' id='word_1_90' title='bbox 389 1385 458 1440; x_wconf 82' lang='lat' dir='ltr'><strong>quoe</strong></span> <span class='ocrx_word' id='word_1_91' title='bbox 476 1368 531 1424; x_wconf 92' lang='lat' dir='ltr'><strong>siut</strong></span> <span class='ocrx_word' id='word_1_92' title='bbox 542 1367 671 1439; x_wconf 83' lang='lat' dir='ltr'><strong>untiquue</strong></span> <span class='ocrx_word' id='word_1_93' title='bbox 684 1367 978 1439; x_wconf 75' lang='lat' dir='ltr'><strong>genuinoequeiihelli</strong></span> <span class='ocrx_word' id='word_1_94' title='bbox 994 1373 1101 1440; x_wconf 82' lang='lat' dir='ltr'><strong>portes,</strong></span> 
     </span>
     <span class='ocr_line' id='line_1_15' title="bbox 206 1449 1101 1526; baseline 0 -18"><span class='ocrx_word' id='word_1_95' title='bbox 206 1470 277 1526; x_wconf 82' lang='lat' dir='ltr'><strong>quoe</strong></span> <span class='ocrx_word' id='word_1_96' title='bbox 296 1452 433 1522; x_wconf 87' lang='lat' dir='ltr'><strong>novieiue,</strong></span> <span class='ocrx_word' id='word_1_97' title='bbox 448 1450 477 1508; x_wconf 87' lang='lat' dir='ltr'><strong>id</strong></span> <span class='ocrx_word' id='word_1_98' title='bbox 493 1467 581 1523; x_wconf 88' lang='lat' dir='ltr'><strong>neque</strong></span> <span class='ocrx_word' id='word_1_99' title='bbox 596 1450 678 1507; x_wconf 75' lang='lat' dir='ltr'><strong>troile</strong></span> <span class='ocrx_word' id='word_1_100' title='bbox 691 1456 734 1506; x_wconf 90' lang='lat' dir='ltr'><strong>est</strong></span> <span class='ocrx_word' id='word_1_101' title='bbox 744 1452 892 1524; x_wconf 80' lang='lat' dir='ltr'><strong>explorare</strong></span> <span class='ocrx_word' id='word_1_102' title='bbox 908 1457 936 1508; x_wconf 89' lang='lat' dir='ltr'><strong>et</strong></span> <span class='ocrx_word' id='word_1_103' title='bbox 951 1468 967 1507; x_wconf 85' lang='lat' dir='ltr'><strong>u</strong></span> <span class='ocrx_word' id='word_1_104' title='bbox 982 1449 1101 1508; x_wconf 83' lang='lat' dir='ltr'><strong>oonsilio</strong></span> 
     </span>
    </p>
   </div>
   <div class='ocr_carea' id='block_1_5' title="bbox 125 1534 1101 1608">
    <p class='ocr_par' dir='ltr' id='par_1_6' title="bbox 125 1534 1101 1608">
     <span class='ocr_line' id='line_1_16' title="bbox 125 1534 1101 1608; baseline -0.002 -16"><span class='ocrx_word' id='word_1_105' title='bbox 125 1599 128 1608; x_wconf 35' lang='lat'><strong>¹</strong></span> <span class='ocrx_word' id='word_1_106' title='bbox 205 1537 287 1593; x_wconf 86' lang='lat' dir='ltr'><strong>huius</strong></span> <span class='ocrx_word' id='word_1_107' title='bbox 303 1535 433 1592; x_wconf 89' lang='lat' dir='ltr'><strong>editionis</strong></span> <span class='ocrx_word' id='word_1_108' title='bbox 445 1534 572 1590; x_wconf 73' lang='lat' dir='ltr'><strong>alienum.</strong></span> <span class='ocrx_word' id='word_1_109' title='bbox 605 1534 829 1591; x_wconf 79' lang='lat' dir='ltr'><strong>Emendationunu</strong></span> <span class='ocrx_word' id='word_1_110' title='bbox 843 1541 934 1592; x_wconf 77' lang='lat' dir='ltr'><strong>autern</strong></span> <span class='ocrx_word' id='word_1_111' title='bbox 945 1541 1101 1591; x_wconf 80' lang='lat' dir='ltr'><strong>nostrorum</strong></span> 
     </span>
    </p>
   </div>
   <div class='ocr_carea' id='block_1_6' title="bbox 204 1617 1154 2454">
    <p class='ocr_par' dir='ltr' id='par_1_7' title="bbox 206 1617 1101 1856">
     <span class='ocr_line' id='line_1_17' title="bbox 207 1617 1101 1688; baseline 0 -14"><span class='ocrx_word' id='word_1_112' title='bbox 207 1625 235 1674; x_wconf 91' lang='lat' dir='ltr'><strong>et</strong></span> <span class='ocrx_word' id='word_1_113' title='bbox 258 1617 422 1675; x_wconf 86' lang='lat' dir='ltr'><strong>breuissime</strong></span> <span class='ocrx_word' id='word_1_114' title='bbox 446 1624 474 1672; x_wconf 93' lang='lat' dir='ltr'><strong>et</strong></span> <span class='ocrx_word' id='word_1_115' title='bbox 493 1618 713 1674; x_wconf 77' lang='lat' dir='ltr'><strong>commodissime</strong></span> <span class='ocrx_word' id='word_1_116' title='bbox 738 1619 873 1676; x_wconf 87' lang='lat' dir='ltr'><strong>rutioneru</strong></span> <span class='ocrx_word' id='word_1_117' title='bbox 893 1619 1055 1688; x_wconf 85' lang='lat' dir='ltr'><strong>reddemus,</strong></span> <span class='ocrx_word' id='word_1_118' title='bbox 1074 1619 1101 1674; x_wconf 86' lang='lat' dir='ltr'><strong>si</strong></span> 
     </span>
     <span class='ocr_line' id='line_1_18' title="bbox 206 1699 1099 1774; baseline 0.002 -17"><span class='ocrx_word' id='word_1_119' title='bbox 206 1708 334 1758; x_wconf 85' lang='lat' dir='ltr'><strong>mututem</strong></span> <span class='ocrx_word' id='word_1_120' title='bbox 350 1720 364 1759; x_wconf 84' lang='lat' dir='ltr'><strong>u</strong></span> <span class='ocrx_word' id='word_1_121' title='bbox 380 1699 460 1757; x_wconf 89' lang='lat' dir='ltr'><strong>uobis</strong></span> <span class='ocrx_word' id='word_1_122' title='bbox 478 1701 584 1757; x_wconf 88' lang='lat' dir='ltr'><strong>eodiois</strong></span> <span class='ocrx_word' id='word_1_123' title='bbox 599 1701 745 1757; x_wconf 79' lang='lat' dir='ltr'><strong>lectionem</strong></span> <span class='ocrx_word' id='word_1_124' title='bbox 757 1719 834 1774; x_wconf 66' lang='lat' dir='ltr'><strong>quoe.</strong></span> <span class='ocrx_word' id='word_1_125' title='bbox 845 1701 954 1774; x_wconf 85' lang='lat' dir='ltr'><strong>quidem</strong></span> <span class='ocrx_word' id='word_1_126' title='bbox 969 1702 1099 1759; x_wconf 83' lang='lat' dir='ltr'><strong>memorie</strong></span> 
     </span>
     <span class='ocr_line' id='line_1_19' title="bbox 207 1783 742 1856; baseline -0.002 -15"><span class='ocrx_word' id='word_1_127' title='bbox 207 1786 290 1854; x_wconf 81' lang='lat' dir='ltr'><strong>dignu</strong></span> <span class='ocrx_word' id='word_1_128' title='bbox 303 1783 441 1856; x_wconf 80' lang='lat' dir='ltr'><strong>uideatur,</strong></span> <span class='ocrx_word' id='word_1_129' title='bbox 461 1784 506 1840; x_wconf 88' lang='lat' dir='ltr'><strong>hie</strong></span> <span class='ocrx_word' id='word_1_130' title='bbox 524 1786 742 1856; x_wconf 80' lang='lat' dir='ltr'><strong>opposuerimus.</strong></span> 
     </span>
    </p>

    <p class='ocr_par' dir='ltr' id='par_1_8' title="bbox 205 1861 1101 2282">
     <span class='ocr_line' id='line_1_20' title="bbox 268 1861 1099 1948; baseline 0.005 -26"><span class='ocrx_word' id='word_1_131' title='bbox 268 1874 329 1939; x_wconf 83' lang='grc'><strong>307,</strong></span> <span class='ocrx_word' id='word_1_132' title='bbox 343 1874 361 1926; x_wconf 81' lang='lat'>4</span> <span class='ocrx_word' id='word_1_133' title='bbox 377 1875 452 1923; x_wconf 83' lang='lat' dir='ltr'><strong>terra</strong></span> <span class='ocrx_word' id='word_1_134' title='bbox 471 1861 477 1946; x_wconf 94' lang='grc' dir='ltr'>Ι</span> <span class='ocrx_word' id='word_1_135' title='bbox 494 1873 510 1927; x_wconf 99' lang='grc'><strong>7</strong></span> <span class='ocrx_word' id='word_1_136' title='bbox 523 1869 556 1939; x_wconf 81' lang='lat' dir='ltr'><strong>fit</strong></span> <span class='ocrx_word' id='word_1_137' title='bbox 568 1867 678 1924; x_wconf 78' lang='lat' dir='ltr'><strong>henotes</strong></span> <span class='ocrx_word' id='word_1_138' title='bbox 693 1874 724 1924; x_wconf 87' lang='lat' dir='ltr'><strong>ut</strong></span> <span class='ocrx_word' id='word_1_139' title='bbox 736 1869 810 1924; x_wconf 85' lang='lat' dir='ltr'><strong>dotes</strong></span> <span class='ocrx_word' id='word_1_140' title='bbox 824 1869 979 1925; x_wconf 81' lang='lat' dir='ltr'><strong>sacerdotes</strong></span> <span class='ocrx_word' id='word_1_141' title='bbox 998 1864 1003 1948; x_wconf 88' lang='grc' dir='ltr'>Ι</span> <span class='ocrx_word' id='word_1_142' title='bbox 1021 1868 1099 1930; x_wconf 72' lang='lat' dir='ltr'><strong>sho-</strong></span> 
     </span>
     <span class='ocr_line' id='line_1_21' title="bbox 205 1945 1100 2024; baseline -0.003 -13"><span class='ocrx_word' id='word_1_143' title='bbox 205 1967 287 2012; x_wconf 82' lang='lat' dir='ltr'><strong>nores</strong></span> <span class='ocrx_word' id='word_1_144' title='bbox 307 1958 336 2010; x_wconf 85' lang='lat' dir='ltr'><strong>ut</strong></span> <span class='ocrx_word' id='word_1_145' title='bbox 353 1952 466 2008; x_wconf 79' lang='lat' dir='ltr'><strong>arboreo</strong></span> <span class='ocrx_word' id='word_1_146' title='bbox 489 1947 494 2024; x_wconf 96' lang='grc' dir='ltr'>Ι</span> <span class='ocrx_word' id='word_1_147' title='bbox 519 1958 553 2011; x_wconf 86' lang='grc'><strong>13</strong></span> <span class='ocrx_word' id='word_1_148' title='bbox 566 1955 656 2023; x_wconf 79' lang='lat' dir='ltr'><strong>possit</strong></span> <span class='ocrx_word' id='word_1_149' title='bbox 677 1966 737 2008; x_wconf 81' lang='lat' dir='ltr'><strong>esse</strong></span> <span class='ocrx_word' id='word_1_150' title='bbox 752 1952 912 2008; x_wconf 79' lang='lat' dir='ltr'><strong>absconsum</strong></span> <span class='ocrx_word' id='word_1_151' title='bbox 927 1970 993 2010; x_wconf 81' lang='lat' dir='ltr'><strong>nam</strong></span> <span class='ocrx_word' id='word_1_152' title='bbox 1010 1969 1072 2009; x_wconf 86' lang='lat' dir='ltr'><strong>cum</strong></span> <span class='ocrx_word' id='word_1_153' title='bbox 1094 1945 1100 1996; x_wconf 85' lang='grc' dir='ltr'>Ι</span> 
     </span>
     <span class='ocr_line' id='line_1_22' title="bbox 206 2031 1101 2115; baseline 0 -23"><span class='ocrx_word' id='word_1_154' title='bbox 206 2045 240 2100; x_wconf 80' lang='grc'><strong>18</strong></span> <span class='ocrx_word' id='word_1_155' title='bbox 252 2037 402 2094; x_wconf 79' lang='lat' dir='ltr'><strong>tubuntdat</strong></span> <span class='ocrx_word' id='word_1_156' title='bbox 419 2031 423 2115; x_wconf 94' lang='grc' dir='ltr'>Ι</span> <span class='ocrx_word' id='word_1_157' title='bbox 442 2042 474 2096; x_wconf 85' lang='grc'><strong>21</strong></span> <span class='ocrx_word' id='word_1_158' title='bbox 491 2050 560 2107; x_wconf 84' lang='lat' dir='ltr'><strong>opus</strong></span> <span class='ocrx_word' id='word_1_159' title='bbox 578 2031 582 2113; x_wconf 93' lang='grc' dir='ltr'>Ι</span> <span class='ocrx_word' id='word_1_160' title='bbox 601 2043 634 2094; x_wconf 89' lang='grc'><strong>22</strong></span> <span class='ocrx_word' id='word_1_161' title='bbox 654 2036 728 2108; x_wconf 78' lang='lat' dir='ltr'><strong>quod</strong></span> <span class='ocrx_word' id='word_1_162' title='bbox 741 2041 767 2091; x_wconf 83' lang='lat' dir='ltr'><strong>et</strong></span> <span class='ocrx_word' id='word_1_163' title='bbox 785 2038 909 2109; x_wconf 82' lang='lat' dir='ltr'><strong>animus,</strong></span> <span class='ocrx_word' id='word_1_164' title='bbox 924 2054 1007 2110; x_wconf 80' lang='lat' dir='ltr'><strong>supro</strong></span> <span class='ocrx_word' id='word_1_165' title='bbox 1022 2053 1036 2092; x_wconf 83' lang='lat' dir='ltr'><strong>s</strong></span> <span class='ocrx_word' id='word_1_166' title='bbox 1050 2037 1101 2092; x_wconf 87' lang='lat' dir='ltr'><strong>ud-</strong></span> 
     </span>
     <span class='ocr_line' id='line_1_23' title="bbox 206 2113 1100 2198; baseline -0.001 -18"><span class='ocrx_word' id='word_1_167' title='bbox 206 2123 264 2180; x_wconf 90' lang='lat' dir='ltr'><strong>dito</strong></span> <span class='ocrx_word' id='word_1_168' title='bbox 284 2139 310 2178; x_wconf 87' lang='lat' dir='ltr'><strong><em>m</em></strong></span> <span class='ocrx_word' id='word_1_169' title='bbox 328 2116 333 2198; x_wconf 92' lang='grc' dir='ltr'>Ι</span> <span class='ocrx_word' id='word_1_170' title='bbox 353 2126 386 2182; x_wconf 89' lang='grc'><strong>27</strong></span> <span class='ocrx_word' id='word_1_171' title='bbox 410 2123 563 2192; x_wconf 82' lang='lat' dir='ltr'><strong>pomerium</strong></span> <span class='ocrx_word' id='word_1_172' title='bbox 585 2121 632 2176; x_wconf 77' lang='lat' dir='ltr'><strong>ubi</strong></span> <span class='ocrx_word' id='word_1_173' title='bbox 640 2134 723 2192; x_wconf 78' lang='lat' dir='ltr'><strong>pomo</strong></span> <span class='ocrx_word' id='word_1_174' title='bbox 748 2113 753 2196; x_wconf 92' lang='grc' dir='ltr'>Ι</span> <span class='ocrx_word' id='word_1_175' title='bbox 777 2126 811 2181; x_wconf 81' lang='grc'><strong>28</strong></span> <span class='ocrx_word' id='word_1_176' title='bbox 825 2127 851 2176; x_wconf 86' lang='lat' dir='ltr'><strong>et</strong></span> <span class='ocrx_word' id='word_1_177' title='bbox 871 2135 954 2177; x_wconf 82' lang='lat' dir='ltr'><strong>sacer</strong></span> <span class='ocrx_word' id='word_1_178' title='bbox 972 2121 977 2198; x_wconf 93' lang='grc' dir='ltr'>Ι</span> <span class='ocrx_word' id='word_1_179' title='bbox 994 2127 1029 2183; x_wconf 83' lang='grc'><strong>29</strong></span> <span class='ocrx_word' id='word_1_180' title='bbox 1043 2121 1100 2178; x_wconf 79' lang='lat' dir='ltr'><strong>ates</strong></span> 
     </span>
     <span class='ocr_line' id='line_1_24' title="bbox 205 2198 1099 2282; baseline -0.001 -20"><span class='ocrx_word' id='word_1_181' title='bbox 205 2213 269 2262; x_wconf 84' lang='lat' dir='ltr'><strong>eunt</strong></span> <span class='ocrx_word' id='word_1_182' title='bbox 286 2201 290 2282; x_wconf 93' lang='grc' dir='ltr'>Ι</span> <span class='ocrx_word' id='word_1_183' title='bbox 309 2213 343 2267; x_wconf 93' lang='grc'><strong>32</strong></span> <span class='ocrx_word' id='word_1_184' title='bbox 358 2207 443 2262; x_wconf 83' lang='lat' dir='ltr'><strong>vetum</strong></span> <span class='ocrx_word' id='word_1_185' title='bbox 461 2204 548 2260; x_wconf 83' lang='lat' dir='ltr'><strong>lineae</strong></span> <span class='ocrx_word' id='word_1_186' title='bbox 572 2198 578 2282; x_wconf 90' lang='grc' dir='ltr'>Ι</span> <span class='ocrx_word' id='word_1_187' title='bbox 602 2211 636 2264; x_wconf 87' lang='grc'><strong>36</strong></span> <span class='ocrx_word' id='word_1_188' title='bbox 652 2210 680 2260; x_wconf 89' lang='lat' dir='ltr'><strong>et</strong></span> <span class='ocrx_word' id='word_1_189' title='bbox 692 2208 725 2264; x_wconf 88' lang='grc'><strong>37</strong></span> <span class='ocrx_word' id='word_1_190' title='bbox 744 2205 843 2260; x_wconf 79' lang='lat' dir='ltr'><strong>obsunt</strong></span> <span class='ocrx_word' id='word_1_191' title='bbox 864 2204 1017 2260; x_wconf 83' lang='lat' dir='ltr'><strong>uDubneri</strong></span> <span class='ocrx_word' id='word_1_192' title='bbox 1032 2221 1099 2278; x_wconf 84' lang='lat' dir='ltr'><strong>upo-</strong></span> 
     </span>
    </p>

    <p class='ocr_par' dir='ltr' id='par_1_9' title="bbox 204 2293 1154 2454">
     <span class='ocr_line' id='line_1_25' title="bbox 225 2293 320 2347; baseline -0.021 -1"><span class='ocrx_word' id='word_1_193' title='bbox 225 2309 254 2346; x_wconf 89' lang='lat' dir='ltr'><strong>re</strong></span> <span class='ocrx_word' id='word_1_194' title='bbox 274 2293 320 2347; x_wconf 91' lang='lat' dir='ltr'><strong>ho.</strong></span> 
     </span>
     <span class='ocr_line' id='line_1_26' title="bbox 204 2307 1154 2454; baseline -0.003 -24"><span class='ocrx_word' id='word_1_195' title='bbox 204 2307 223 2361; x_wconf 63' lang='lat' dir='ltr'>g</span> <span class='ocrx_word' id='word_1_196' title='bbox 257 2309 369 2444; x_wconf 73' lang='lat' dir='ltr'><strong>p30t3,1t</strong></span> <span class='ocrx_word' id='word_1_197' title='bbox 394 2373 528 2427; x_wconf 76' lang='lat' dir='ltr'><strong>assutitiae</strong></span> <span class='ocrx_word' id='word_1_198' title='bbox 550 2363 556 2449; x_wconf 95' lang='grc' dir='ltr'>Ι</span> <span class='ocrx_word' id='word_1_199' title='bbox 581 2377 597 2431; x_wconf 88' lang='grc'><strong>7</strong></span> <span class='ocrx_word' id='word_1_200' title='bbox 618 2373 698 2428; x_wconf 82' lang='lat' dir='ltr'><strong>uincti</strong></span> <span class='ocrx_word' id='word_1_201' title='bbox 720 2364 725 2449; x_wconf 94' lang='grc' dir='ltr'>Ι</span> <span class='ocrx_word' id='word_1_202' title='bbox 751 2379 782 2431; x_wconf 92' lang='grc'><strong>11</strong></span> <span class='ocrx_word' id='word_1_203' title='bbox 795 2385 878 2429; x_wconf 76' lang='lat' dir='ltr'><strong>aeneo</strong></span> <span class='ocrx_word' id='word_1_204' title='bbox 892 2373 973 2446; x_wconf 81' lang='lat' dir='ltr'><strong>fieret</strong></span> <span class='ocrx_word' id='word_1_205' title='bbox 985 2368 992 2454; x_wconf 99' lang='grc' dir='ltr'>Ι</span> <span class='ocrx_word' id='word_1_206' title='bbox 1012 2378 1045 2433; x_wconf 90' lang='grc'><strong>19</strong></span> <span class='ocrx_word' id='word_1_207' title='bbox 1062 2373 1099 2428; x_wconf 80' lang='lat' dir='ltr'><strong>ito</strong></span> <span class='ocrx_word' id='word_1_208' title='bbox 1152 2441 1154 2445; x_wconf 23' lang='grc' dir='ltr'>Ι</span> 
     </span>
    </p>
   </div>
   <div class='ocr_carea' id='block_1_7' title="bbox 205 2447 1099 2536">
    <p class='ocr_par' dir='ltr' id='par_1_10' title="bbox 205 2447 1099 2536">
     <span class='ocr_line' id='line_1_27' title="bbox 205 2447 1099 2536; baseline 0.004 -26"><span class='ocrx_word' id='word_1_209' title='bbox 205 2457 283 2511; x_wconf 78' lang='lat' dir='ltr'><strong>dator</strong></span> <span class='ocrx_word' id='word_1_210' title='bbox 298 2462 324 2511; x_wconf 91' lang='lat' dir='ltr'><strong>et</strong></span> <span class='ocrx_word' id='word_1_211' title='bbox 342 2452 347 2528; x_wconf 89' lang='grc' dir='ltr'>Ι</span> <span class='ocrx_word' id='word_1_212' title='bbox 365 2462 398 2513; x_wconf 93' lang='grc'><strong>22</strong></span> <span class='ocrx_word' id='word_1_213' title='bbox 412 2455 598 2511; x_wconf 81' lang='lat' dir='ltr'><strong>circumdatur</strong></span> <span class='ocrx_word' id='word_1_214' title='bbox 619 2447 626 2533; x_wconf 92' lang='grc' dir='ltr'>Ι</span> <span class='ocrx_word' id='word_1_215' title='bbox 651 2461 685 2514; x_wconf 73' lang='grc'><strong>24</strong></span> <span class='ocrx_word' id='word_1_216' title='bbox 704 2471 797 2511; x_wconf 86' lang='lat' dir='ltr'><strong>annua</strong></span> <span class='ocrx_word' id='word_1_217' title='bbox 814 2462 874 2512; x_wconf 82' lang='lat' dir='ltr'><strong>uota</strong></span> <span class='ocrx_word' id='word_1_218' title='bbox 893 2449 898 2536; x_wconf 94' lang='grc' dir='ltr'>Ι</span> <span class='ocrx_word' id='word_1_219' title='bbox 916 2464 951 2518; x_wconf 87' lang='grc' dir='ltr'><strong>3ο</strong></span> <span class='ocrx_word' id='word_1_220' title='bbox 970 2459 1015 2514; x_wconf 81' lang='lat' dir='ltr'><strong>cui</strong></span> <span class='ocrx_word' id='word_1_221' title='bbox 1025 2472 1099 2514; x_wconf 74' lang='lat' dir='ltr'><strong>utus.</strong></span> 
     </span>
    </p>
   </div>
   <div class='ocr_carea' id='block_1_8' title="bbox 153 2583 1101 3526">
    <p class='ocr_par' dir='ltr' id='par_1_11' title="bbox 203 2583 1101 3064">
     <span class='ocr_line' id='line_1_28' title="bbox 272 2583 1099 2650; baseline 0 -14"><span class='ocrx_word' id='word_1_222' title='bbox 272 2584 319 2645; x_wconf 78' lang='grc'><strong>99)</strong></span> <span class='ocrx_word' id='word_1_223' title='bbox 332 2583 385 2635; x_wconf 79' lang='lat' dir='ltr'><strong>etr.</strong></span> <span class='ocrx_word' id='word_1_224' title='bbox 399 2585 488 2636; x_wconf 81' lang='lat' dir='ltr'><strong>Festus</strong></span> <span class='ocrx_word' id='word_1_225' title='bbox 501 2599 522 2635; x_wconf 78' lang='lat' dir='ltr'><strong>s.</strong></span> <span class='ocrx_word' id='word_1_226' title='bbox 538 2599 562 2635; x_wconf 84' lang='lat' dir='ltr'><strong>v.</strong></span> <span class='ocrx_word' id='word_1_227' title='bbox 573 2587 616 2644; x_wconf 85' lang='lat' dir='ltr'><strong>ad,</strong></span> <span class='ocrx_word' id='word_1_228' title='bbox 630 2586 705 2648; x_wconf 84' lang='lat' dir='ltr'><strong>apud,</strong></span> <span class='ocrx_word' id='word_1_229' title='bbox 718 2587 844 2648; x_wconf 82' lang='lat' dir='ltr'><strong>lacerare,</strong></span> <span class='ocrx_word' id='word_1_230' title='bbox 857 2588 945 2650; x_wconf 79' lang='lat' dir='ltr'><strong>lustra,</strong></span> <span class='ocrx_word' id='word_1_231' title='bbox 959 2590 1099 2646; x_wconf 66' lang='lat' dir='ltr'><strong>noceretur,</strong></span> 
     </span>
     <span class='ocr_line' id='line_1_29' title="bbox 204 2653 1101 2717; baseline 0 -14"><span class='ocrx_word' id='word_1_232' title='bbox 204 2660 343 2715; x_wconf 73' lang='lat' dir='ltr'><strong>monstrum,</strong></span> <span class='ocrx_word' id='word_1_233' title='bbox 361 2654 504 2712; x_wconf 75' lang='lat' dir='ltr'><strong>obsecrare,</strong></span> <span class='ocrx_word' id='word_1_234' title='bbox 521 2668 671 2716; x_wconf 82' lang='lat' dir='ltr'><strong>properare,</strong></span> <span class='ocrx_word' id='word_1_235' title='bbox 687 2669 902 2717; x_wconf 74' lang='lat' dir='ltr'><strong>superuacaneum,</strong></span> <span class='ocrx_word' id='word_1_236' title='bbox 919 2664 985 2706; x_wconf 80' lang='lat' dir='ltr'><strong>tuor.</strong></span> <span class='ocrx_word' id='word_1_237' title='bbox 1013 2653 1101 2706; x_wconf 79' lang='lat' dir='ltr'><strong>cheri·</strong></span> 
     </span>
     <span class='ocr_line' id='line_1_30' title="bbox 205 2723 1099 2790; baseline -0.001 -17"><span class='ocrx_word' id='word_1_238' title='bbox 205 2723 237 2774; x_wconf 85' lang='lat' dir='ltr'><strong>sii</strong></span> <span class='ocrx_word' id='word_1_239' title='bbox 260 2723 429 2790; x_wconf 76' lang='lat' dir='ltr'><strong>competendo</strong></span> <span class='ocrx_word' id='word_1_240' title='bbox 452 2729 511 2772; x_wconf 85' lang='lat' dir='ltr'><strong>suut</strong></span> <span class='ocrx_word' id='word_1_241' title='bbox 536 2737 566 2772; x_wconf 85' lang='lat' dir='ltr'><strong>eu</strong></span> <span class='ocrx_word' id='word_1_242' title='bbox 588 2724 664 2773; x_wconf 84' lang='lat' dir='ltr'><strong>verbo</strong></span> <span class='ocrx_word' id='word_1_243' title='bbox 687 2724 779 2787; x_wconf 84' lang='lat' dir='ltr'><strong>quibus</strong></span> <span class='ocrx_word' id='word_1_244' title='bbox 801 2738 828 2790; x_wconf 91' lang='lat' dir='ltr'><strong>p.</strong></span> <span class='ocrx_word' id='word_1_245' title='bbox 852 2724 884 2774; x_wconf 82' lang='lat'><strong>75</strong></span> <span class='ocrx_word' id='word_1_246' title='bbox 906 2723 934 2775; x_wconf 86' lang='lat' dir='ltr'><strong>P.</strong></span> <span class='ocrx_word' id='word_1_247' title='bbox 949 2726 1099 2790; x_wconf 75' lang='lat' dir='ltr'><strong>pupillares,</strong></span> 
     </span>
     <span class='ocr_line' id='line_1_31' title="bbox 203 2790 1099 2858; baseline -0.001 -15"><span class='ocrx_word' id='word_1_248' title='bbox 203 2808 230 2858; x_wconf 84' lang='lat' dir='ltr'><strong>p.</strong></span> <span class='ocrx_word' id='word_1_249' title='bbox 247 2792 282 2843; x_wconf 86' lang='lat'><strong>85</strong></span> <span class='ocrx_word' id='word_1_250' title='bbox 294 2798 411 2854; x_wconf 81' lang='lat' dir='ltr'><strong>pometa,</strong></span> <span class='ocrx_word' id='word_1_251' title='bbox 435 2806 461 2856; x_wconf 90' lang='lat' dir='ltr'><strong>p.</strong></span> <span class='ocrx_word' id='word_1_252' title='bbox 479 2790 685 2852; x_wconf 77' lang='lat' dir='ltr'><strong>Stimietnrilu‘,</strong></span> <span class='ocrx_word' id='word_1_253' title='bbox 705 2807 731 2857; x_wconf 92' lang='lat' dir='ltr'><strong>p.</strong></span> <span class='ocrx_word' id='word_1_254' title='bbox 754 2790 802 2843; x_wconf 86' lang='lat'><strong>100</strong></span> <span class='ocrx_word' id='word_1_255' title='bbox 816 2794 973 2856; x_wconf 73' lang='lat' dir='ltr'><strong>pluriuman</strong></span> <span class='ocrx_word' id='word_1_256' title='bbox 993 2795 1099 2856; x_wconf 76' lang='lat' dir='ltr'><strong>plurumi,</strong></span> 
     </span>
     <span class='ocr_line' id='line_1_32' title="bbox 203 2857 1100 2928; baseline 0.003 -20"><span class='ocrx_word' id='word_1_257' title='bbox 203 2875 229 2926; x_wconf 88' lang='lat' dir='ltr'><strong>p.</strong></span> <span class='ocrx_word' id='word_1_258' title='bbox 246 2859 295 2914; x_wconf 82' lang='lat'><strong>102</strong></span> <span class='ocrx_word' id='word_1_259' title='bbox 303 2862 368 2924; x_wconf 79' lang='lat' dir='ltr'><strong>fieus</strong></span> <span class='ocrx_word' id='word_1_260' title='bbox 381 2873 413 2909; x_wconf 80' lang='lat' dir='ltr'><strong>un</strong></span> <span class='ocrx_word' id='word_1_261' title='bbox 427 2861 491 2921; x_wconf 78' lang='lat' dir='ltr'><strong>ficos</strong></span> <span class='ocrx_word' id='word_1_262' title='bbox 504 2858 618 2910; x_wconf 85' lang='lat' dir='ltr'><strong>illustret.</strong></span> <span class='ocrx_word' id='word_1_263' title='bbox 647 2860 740 2911; x_wconf 84' lang='lat' dir='ltr'><strong>Eorum</strong></span> <span class='ocrx_word' id='word_1_264' title='bbox 758 2875 823 2924; x_wconf 84' lang='lat' dir='ltr'><strong>quoe</strong></span> <span class='ocrx_word' id='word_1_265' title='bbox 838 2877 863 2928; x_wconf 93' lang='lat' dir='ltr'><strong>p.</strong></span> <span class='ocrx_word' id='word_1_266' title='bbox 876 2860 935 2924; x_wconf 85' lang='grc'>319,</span> <span class='ocrx_word' id='word_1_267' title='bbox 950 2863 974 2913; x_wconf 88' lang='lat'><strong>7.</strong></span> <span class='ocrx_word' id='word_1_268' title='bbox 991 2861 1050 2918; x_wconf 80' lang='lat'>320,</span> <span class='ocrx_word' id='word_1_269' title='bbox 1065 2857 1100 2911; x_wconf 88' lang='grc'><strong>39</strong></span> 
     </span>
     <span class='ocr_line' id='line_1_33' title="bbox 203 2927 1098 2996; baseline 0.003 -19"><span class='ocrx_word' id='word_1_270' title='bbox 203 2929 330 2995; x_wconf 76' lang='lat' dir='ltr'><strong>leguntur,</strong></span> <span class='ocrx_word' id='word_1_271' title='bbox 348 2929 374 2978; x_wconf 92' lang='lat' dir='ltr'><strong>iu</strong></span> <span class='ocrx_word' id='word_1_272' title='bbox 384 2927 573 2979; x_wconf 84' lang='lat' dir='ltr'><strong>Veronensibus</strong></span> <span class='ocrx_word' id='word_1_273' title='bbox 594 2928 694 2979; x_wconf 84' lang='lat' dir='ltr'><strong>scholiis</strong></span> <span class='ocrx_word' id='word_1_274' title='bbox 711 2929 744 2978; x_wconf 86' lang='lat' dir='ltr'><strong>ud</strong></span> <span class='ocrx_word' id='word_1_275' title='bbox 761 2929 840 2996; x_wconf 75' lang='lat' dir='ltr'><strong>Verg.</strong></span> <span class='ocrx_word' id='word_1_276' title='bbox 858 2929 923 2982; x_wconf 76' lang='lat' dir='ltr'><strong>Aen.</strong></span> <span class='ocrx_word' id='word_1_277' title='bbox 946 2932 978 2991; x_wconf 93' lang='lat'><strong>1,</strong></span> <span class='ocrx_word' id='word_1_278' title='bbox 997 2931 1011 2981; x_wconf 90' lang='lat'>1</span> <span class='ocrx_word' id='word_1_279' title='bbox 1030 2938 1054 2980; x_wconf 89' lang='lat' dir='ltr'><strong>et</strong></span> <span class='ocrx_word' id='word_1_280' title='bbox 1072 2929 1098 2988; x_wconf 83' lang='lat'><strong>8,</strong></span> 
     </span>
     <span class='ocr_line' id='line_1_34' title="bbox 205 2997 1043 3064; baseline -0.008 -16"><span class='ocrx_word' id='word_1_281' title='bbox 205 2998 254 3050; x_wconf 84' lang='lat' dir='ltr'><strong>too</strong></span> <span class='ocrx_word' id='word_1_282' title='bbox 272 2997 374 3064; x_wconf 75' lang='lat' dir='ltr'><strong>gemina</strong></span> <span class='ocrx_word' id='word_1_283' title='bbox 391 2997 512 3046; x_wconf 87' lang='lat' dir='ltr'><strong>iuvenies.</strong></span> <span class='ocrx_word' id='word_1_284' title='bbox 890 3018 893 3026; x_wconf 93' lang='lat'><em>·</em></span> <span class='ocrx_word' id='word_1_285' title='bbox 1039 3034 1043 3041; x_wconf 91' lang='lat'><em>.</em></span> 
     </span>
    </p>

    <p class='ocr_par' dir='ltr' id='par_1_12' title="bbox 153 3064 1099 3526">
     <span class='ocr_line' id='line_1_35' title="bbox 272 3064 1099 3130; baseline -0.004 -13"><span class='ocrx_word' id='word_1_286' title='bbox 272 3066 319 3128; x_wconf 85' lang='grc'><strong>97)</strong></span> <span class='ocrx_word' id='word_1_287' title='bbox 343 3064 504 3115; x_wconf 83' lang='lat' dir='ltr'><strong>Desideratur</strong></span> <span class='ocrx_word' id='word_1_288' title='bbox 519 3065 546 3114; x_wconf 90' lang='lat' dir='ltr'><strong>iu</strong></span> <span class='ocrx_word' id='word_1_289' title='bbox 567 3073 652 3116; x_wconf 85' lang='lat' dir='ltr'><strong>nostro</strong></span> <span class='ocrx_word' id='word_1_290' title='bbox 670 3066 771 3130; x_wconf 84' lang='lat' dir='ltr'><strong>quidem</strong></span> <span class='ocrx_word' id='word_1_291' title='bbox 787 3065 871 3118; x_wconf 88' lang='lat' dir='ltr'><strong>libello</strong></span> <span class='ocrx_word' id='word_1_292' title='bbox 894 3066 938 3117; x_wconf 69' lang='lat' dir='ltr'><strong>tiit</strong></span> <span class='ocrx_word' id='word_1_293' title='bbox 957 3065 1099 3116; x_wconf 81' lang='lat' dir='ltr'><strong>differentia</strong></span> 
     </span>
     <span class='ocr_line' id='line_1_36' title="bbox 153 3132 1099 3201; baseline -0.001 -17"><span class='ocrx_word' id='word_1_294' title='bbox 153 3179 154 3184; x_wconf 75' lang='grc'>,</span> <span class='ocrx_word' id='word_1_295' title='bbox 203 3133 361 3185; x_wconf 84' lang='lat' dir='ltr'><strong>Puleemonis</strong></span> <span class='ocrx_word' id='word_1_296' title='bbox 379 3132 479 3183; x_wconf 84' lang='lat' dir='ltr'><strong>nomine</strong></span> <span class='ocrx_word' id='word_1_297' title='bbox 496 3134 634 3196; x_wconf 77' lang='lat' dir='ltr'><strong>nobilitato,</strong></span> <span class='ocrx_word' id='word_1_298' title='bbox 647 3143 671 3184; x_wconf 83' lang='lat' dir='ltr'><strong>et</strong></span> <span class='ocrx_word' id='word_1_299' title='bbox 686 3133 735 3184; x_wconf 85' lang='lat' dir='ltr'><strong>elie</strong></span> <span class='ocrx_word' id='word_1_300' title='bbox 746 3135 839 3201; x_wconf 79' lang='lat' dir='ltr'><strong>legitur</strong></span> <span class='ocrx_word' id='word_1_301' title='bbox 852 3150 877 3201; x_wconf 88' lang='lat' dir='ltr'><strong>p.</strong></span> <span class='ocrx_word' id='word_1_302' title='bbox 892 3134 951 3197; x_wconf 86' lang='grc'>319,</span> <span class='ocrx_word' id='word_1_303' title='bbox 968 3136 1010 3187; x_wconf 86' lang='grc'><strong>27.</strong></span> <span class='ocrx_word' id='word_1_304' title='bbox 1049 3133 1099 3184; x_wconf 87' lang='lat' dir='ltr'><strong>Sed</strong></span> 
     </span>
     <span class='ocr_line' id='line_1_37' title="bbox 204 3201 1097 3269; baseline 0.001 -18"><span class='ocrx_word' id='word_1_305' title='bbox 204 3208 229 3252; x_wconf 83' lang='lat' dir='ltr'><strong>et</strong></span> <span class='ocrx_word' id='word_1_306' title='bbox 245 3201 314 3252; x_wconf 78' lang='lat' dir='ltr'><strong>iilum</strong></span> <span class='ocrx_word' id='word_1_307' title='bbox 330 3210 355 3252; x_wconf 85' lang='lat' dir='ltr'><strong>et</strong></span> <span class='ocrx_word' id='word_1_308' title='bbox 369 3201 434 3251; x_wconf 87' lang='lat' dir='ltr'><strong>huno</strong></span> <span class='ocrx_word' id='word_1_309' title='bbox 448 3216 477 3250; x_wconf 87' lang='lat' dir='ltr'><strong>eu</strong></span> <span class='ocrx_word' id='word_1_310' title='bbox 495 3202 608 3252; x_wconf 87' lang='lat' dir='ltr'><strong>ooileotio</strong></span> <span class='ocrx_word' id='word_1_311' title='bbox 620 3203 731 3253; x_wconf 78' lang='lat' dir='ltr'><strong>servavit</strong></span> <span class='ocrx_word' id='word_1_312' title='bbox 744 3218 808 3267; x_wconf 85' lang='lat' dir='ltr'><strong>quoe</strong></span> <span class='ocrx_word' id='word_1_313' title='bbox 826 3203 918 3256; x_wconf 87' lang='lat' dir='ltr'><strong>Isidori</strong></span> <span class='ocrx_word' id='word_1_314' title='bbox 928 3203 1015 3265; x_wconf 78' lang='lat' dir='ltr'><strong>fertur,</strong></span> <span class='ocrx_word' id='word_1_315' title='bbox 1030 3203 1097 3269; x_wconf 83' lang='lat' dir='ltr'><strong>opud</strong></span> 
     </span>
     <span class='ocr_line' id='line_1_38' title="bbox 204 3268 1096 3336; baseline 0.001 -17"><span class='ocrx_word' id='word_1_316' title='bbox 204 3271 340 3320; x_wconf 80' lang='lat' dir='ltr'><strong>Areuelum</strong></span> <span class='ocrx_word' id='word_1_317' title='bbox 358 3279 382 3320; x_wconf 87' lang='lat' dir='ltr'><strong>et</strong></span> <span class='ocrx_word' id='word_1_318' title='bbox 392 3268 571 3322; x_wconf 83' lang='lat' dir='ltr'><strong>Gothoiredum</strong></span> <span class='ocrx_word' id='word_1_319' title='bbox 589 3271 698 3334; x_wconf 84' lang='lat' dir='ltr'><strong>itemque</strong></span> <span class='ocrx_word' id='word_1_320' title='bbox 716 3270 742 3321; x_wconf 89' lang='lat' dir='ltr'><strong>iu</strong></span> <span class='ocrx_word' id='word_1_321' title='bbox 751 3271 883 3323; x_wconf 83' lang='lat' dir='ltr'><strong>Bueiiieuei</strong></span> <span class='ocrx_word' id='word_1_322' title='bbox 896 3272 983 3323; x_wconf 88' lang='lat' dir='ltr'><strong>oodiue</strong></span> <span class='ocrx_word' id='word_1_323' title='bbox 994 3273 1096 3336; x_wconf 73' lang='lat' dir='ltr'><strong>scriptu.</strong></span> 
     </span>
     <span class='ocr_line' id='line_1_39' title="bbox 205 3337 1097 3406; baseline 0.001 -18"><span class='ocrx_word' id='word_1_324' title='bbox 205 3340 292 3401; x_wconf 77' lang='lat' dir='ltr'><strong>touque</strong></span> <span class='ocrx_word' id='word_1_325' title='bbox 317 3349 426 3390; x_wconf 86' lang='lat' dir='ltr'><strong>nostrum</strong></span> <span class='ocrx_word' id='word_1_326' title='bbox 450 3337 603 3404; x_wconf 76' lang='lat' dir='ltr'><strong>farraginem</strong></span> <span class='ocrx_word' id='word_1_327' title='bbox 622 3339 665 3402; x_wconf 88' lang='lat' dir='ltr'><strong>qui</strong></span> <span class='ocrx_word' id='word_1_328' title='bbox 688 3340 847 3404; x_wconf 83' lang='lat' dir='ltr'><strong>eompiiuvit,</strong></span> <span class='ocrx_word' id='word_1_329' title='bbox 871 3355 921 3390; x_wconf 90' lang='lat' dir='ltr'><strong>nou</strong></span> <span class='ocrx_word' id='word_1_330' title='bbox 938 3340 1097 3406; x_wconf 80' lang='lat' dir='ltr'><strong>ignoratione</strong></span> 
     </span>
     <span class='ocr_line' id='line_1_40' title="bbox 205 3406 1096 3524; baseline 0.004 -70"><span class='ocrx_word' id='word_1_331' title='bbox 205 3406 360 3524; x_wconf 55' lang='grc' dir='ltr'>οιΙιΙὶιΙΙΙΙεεᾱ</span> <span class='ocrx_word' id='word_1_332' title='bbox 374 3407 488 3458; x_wconf 86' lang='lat' dir='ltr'><strong>eousuito</strong></span> <span class='ocrx_word' id='word_1_333' title='bbox 505 3407 604 3473; x_wconf 80' lang='lat' dir='ltr'><strong>prologi</strong></span> <span class='ocrx_word' id='word_1_334' title='bbox 624 3407 703 3457; x_wconf 80' lang='lat' dir='ltr'><strong>instet</strong></span> <span class='ocrx_word' id='word_1_335' title='bbox 715 3409 862 3473; x_wconf 76' lang='lat' dir='ltr'><strong>praeposuit</strong></span> <span class='ocrx_word' id='word_1_336' title='bbox 879 3408 947 3458; x_wconf 85' lang='lat' dir='ltr'><strong>illum</strong></span> <span class='ocrx_word' id='word_1_337' title='bbox 966 3408 1096 3458; x_wconf 76' lang='lat' dir='ltr'><strong>Palaemo-</strong></span> 
     </span>
     <span class='ocr_line' id='line_1_41' title="bbox 205 3475 434 3526; baseline 0.017 -4"><span class='ocrx_word' id='word_1_338' title='bbox 205 3489 221 3522; x_wconf 91' lang='lat' dir='ltr'><strong>n</strong></span> <span class='ocrx_word' id='word_1_339' title='bbox 280 3475 286 3486; x_wconf 90' lang='lat'>&#39;</span> <span class='ocrx_word' id='word_1_340' title='bbox 309 3478 434 3526; x_wconf 85' lang='lat' dir='ltr'><strong>ereutium.</strong></span> 
     </span>
    </p>
   </div>
   <div class='ocr_carea' id='block_1_9' title="bbox 0 0 1238 3912">
    <p class='ocr_par' dir='ltr' id='par_1_13' title="bbox 0 0 1238 3912">
     <span class='ocr_line' id='line_1_42' title="bbox 0 0 1238 3912; baseline 0 0"><span class='ocrx_word' id='word_1_341' title='bbox 0 0 1238 3912; x_wconf 95' lang='lat' dir='ltr'><strong> </strong></span> 
     </span>
    </p>
   </div>
  </div>
 </body>
</html>
