2450 3910
98 255 100 264 v
137 227 215 289 ,248
232 242 260 290 c.
277 242 425 290 susuoru
443 242 569 302 nunno.
586 243 633 289 nn
649 245 730 290 vrrs
753 243 935 291 cassanum
949 245 1018 292 nra.
1034 246 1112 294 uun.

152 406 294 475 nataeque
316 397 464 456 saevitiae.
497 398 636 457 dotorem
660 416 829 458 summarum
853 399 943 477 pridie
965 417 1050 476 quam
1066 403 1151 461 cruci

153 483 257 558 [igeret
277 482 305 539 in
327 480 486 540 cubiculum
508 486 641 559 vocavit,
665 482 795 542 assidere
814 484 842 540 in
858 492 922 542 toro
938 484 1015 544 iuxta
1034 488 1151 561 coegit,

153 583 286 624 securum
301 564 479 643 hilaremque
498 566 617 644 dimisit,
642 565 768 646 partibus
787 569 871 626 etiam
887 566 922 624 de
940 585 1028 627 caena
1046 567 1151 645 digna-

153 658 199 707 tus
213 657 266 708 est.
289 647 459 708 Arrecinum
474 648 651 710 Clementem
667 651 864 726 consularem,
877 669 960 710 unum
972 670 988 710 e
1000 652 1151 712 familiari-

153 732 207 790 bus
227 743 255 791 et
270 734 426 792 emissariis
442 735 515 810 suis,
536 736 638 813 capitis
655 735 908 812 condemnaturus,
936 737 964 794 in
978 736 1079 795 eadem
1098 737 1175 798 vels

153 818 238 875 etiam
254 818 362 877 maiore
376 819 470 892 gratia
484 818 597 893 habuit,
615 817 709 896 quoad
726 821 883 879 novissime
906 820 988 879 simul
1004 824 1149 898 gestanti,

153 910 314 979 conspecto
331 901 460 961 delatore
477 903 553 979 eius,
574 901 625 962 Vis
640 903 730 981 inquit
749 902 829 963 hunc
848 903 1065 983 aequissimum
1080 923 1149 966 ser·

153 1003 222 1044 oum
238 1003 311 1045 cros
330 985 515 1047 audiamus?

237 1069 274 1128 Et
287 1089 343 1148 quo
359 1074 549 1150 contemptius
563 1070 735 1152 abuteretur!
744 1074 879 1149 patientia
891 1071 1048 1147 hominum,
1065 1089 1149 1131 num·

153 1173 235 1234 quam
252 1155 407 1213 tristiorem
426 1157 594 1214 sententiam
611 1156 673 1213 sine
689 1155 868 1234 praefatione
889 1155 1058 1216 clementiae
1075 1173 1148 1234 pro·
1160 1175 1182 1217 tt

152 1241 305 1315 nuntiavit,
321 1248 350 1297 ut
365 1257 421 1299 non
437 1239 512 1298 aliud
526 1240 580 1298 iam
594 1241 700 1298 certius
714 1243 821 1299 atrocis
832 1241 925 1299 exitus
940 1243 1051 1317 signum
1064 1249 1149 1299 esset

152 1341 235 1402 quam
258 1324 392 1402 principii
411 1323 524 1382 lenitas.
556 1323 702 1397 Quosdam
723 1325 878 1383 maiestatis
899 1341 967 1383 reos
990 1325 1148 1383 incuriam

151 1408 316 1483 induxerat,
346 1417 375 1467 et
405 1426 468 1466 cum
493 1407 703 1488 praedixisset,
731 1414 929 1486 experturam
953 1425 987 1466 se
1012 1407 1067 1466 illo
1095 1407 1148 1466 die

151 1511 243 1571 qaam
259 1509 355 1552 coros
371 1492 493 1552 senatui
510 1499 604 1567 esset,
622 1491 709 1551 lacile
729 1493 894 1572 perfecerat
909 1501 939 1551 ut
955 1494 1040 1550 etiam
1061 1509 1146 1551 more

150 1577 287 1635 maiorum
299 1576 432 1654 puniendi
445 1574 720 1645 condemnarentur;
740 1574 844 1636 deinde
860 1578 1011 1635 atrocitate
1027 1593 1146 1654 poenae
1158 1585 1179 1626 1⁸

152 1661 340 1735 conterritus,
365 1658 401 1719 ad
424 1660 584 1720 leniendam
605 1661 756 1737 invidiam,
777 1661 942 1720 intercessit
964 1659 1008 1718 his
1027 1659 1144 1720 verbis.

152 1745 262 1821 (neque
277 1744 352 1801 enim
366 1743 401 1803 ab
414 1762 447 1801 rc
469 1745 553 1804 luerit
574 1747 636 1823 ipsa
660 1744 858 1822 cognoscere)
880 1743 1061 1819 Permittite,
1082 1761 1144 1822 pa-

151 1833 214 1887 tres
230 1826 412 1905 conscripti,
432 1844 452 1885 a
465 1829 581 1906 pietate
595 1836 701 1888 oestro
715 1828 892 1908 impetrari,
910 1827 994 1907 qood
1009 1829 1074 1887 scio
1097 1848 1146 1888 me

151 1909 317 1988 difficulter
333 1911 582 1989 impetraturum,
604 1918 638 1973 ot
654 1913 808 1974 damnatis
824 1911 953 1974 liberam
966 1913 1074 1974 mortis
1090 1931 1144 1973 ar·
1212 1975 1213 2006 ,

151 1995 274 2056 bitrium
300 1996 506 2076 indulpeotis;
533 2015 605 2058 nom
631 2004 660 2057 et
684 1998 825 2076 parcetis
851 1997 950 2058 oculis
975 1996 1089 2056 vestris
1118 2005 1177 2058 etio
1212 2055 1213 2074 ,

12 2089 14 2138 ῑ
77 2107 99 2148 ;
149 2080 320 2159 intelleqent
333 2100 380 2140 me
393 2099 497 2142 omnes
512 2082 634 2142 senatui
647 2081 834 2159 interfuisse

12 2203 13 2220 i
108 2180 142 2236 η
211 2165 375 2225 Exhaustus
401 2184 520 2246 operum
543 2185 577 2226 ac
598 2184 745 2226 munerum
766 2167 903 2245 impensis
927 2165 1144 2244 stipendioque,

12 2257 13 2270 ¹
149 2249 227 2328 quod
242 2249 402 2327 adiecerat,
427 2252 577 2328 temptavit
593 2248 707 2328 quidem
728 2250 763 2310 ad
783 2248 959 2310 relevandos
976 2257 1144 2308 castrenses

149 2344 290 2412 sumptus,
309 2351 454 2394 numerum
469 2334 586 2394 militum
603 2334 782 2404 deminuere;
800 2334 852 2393 sed
870 2351 932 2394 cum
941 2341 971 2392 et
986 2333 1145 2392 obnoxium

149 2437 181 2476 se
207 2416 337 2477 barbaris
364 2437 418 2497 per
441 2420 499 2477 hoc
524 2417 781 2494 animadverteret,
808 2436 904 2496 neque
931 2434 968 2476 eo
997 2417 1086 2476 setius
1111 2418 1177 2476 ints

149 2501 331 2580 explicandis
346 2502 482 2562 oneribus
497 2503 646 2580 haereret,
668 2503 737 2562 nihil
759 2503 843 2581 pensi
856 2502 955 2561 habuit
973 2504 1039 2580 quin
1057 2519 1143 2579 prae·

148 2586 263 2645 daretur
278 2587 353 2646 omni
368 2585 464 2645 modo.
493 2585 573 2646 Bona
591 2588 720 2646 vivorum
738 2604 773 2646 ac
788 2595 965 2646 mortuorum
980 2603 1144 2662 usquequa·

149 2689 205 2751 que
222 2669 352 2748 quolibet
368 2679 397 2730 et
412 2679 583 2730 accusatore
605 2680 633 2729 et
656 2672 773 2730 crimine
794 2670 1033 2749 corripiebantur.
1063 2669 1144 2727 Satis

148 2763 225 2833 erat,
243 2754 320 2814 obici
336 2754 545 2833 qualecumque
566 2756 671 2814 lactum
693 2755 835 2814 dictumve
851 2755 990 2814 adversus
1008 2754 1142 2812 maiesta-

147 2850 204 2900 tem
226 2839 372 2920 principis.
418 2837 656 2899 confiscabantur
677 2840 870 2900 alienissimae
892 2837 1067 2898 hereditates
1090 2835 1176 2898 velat

147 2942 202 2983 uno
219 2926 380 3000 existente,
405 2925 452 3002 qui
470 2923 582 2983 diceret
602 2924 717 2984 audisse
741 2942 775 2983 se
795 2942 832 2982 ex
847 2922 998 2997 defuncto,
1022 2939 1085 2980 cum
1100 2922 1143 2978 vi·

146 3019 245 3085 venet,
268 3007 405 3068 heredem
425 3007 478 3067 sibi
495 3006 649 3068 Gaesarem
671 3026 746 3067 esse.
780 3007 899 3068 Praeter
915 3015 1032 3066 ceteros
1047 3003 1143 3064 ludai-

147 3111 197 3153 cus
212 3094 300 3153 liscus
315 3092 502 3152 acerbissime
520 3101 600 3152 actus
617 3101 675 3162 est;
695 3091 731 3152 ad
751 3109 834 3170 quem
850 3090 1067 3165 deserebantur,
1091 3089 1143 3166 qui

146 3177 194 3236 vel
211 3178 368 3254 inprofessi
383 3176 526 3237 Iudaicam
539 3178 671 3236 viverent
686 3178 788 3250 uitam,
810 3174 859 3234 vel
880 3174 1054 3235 dissimulata
1082 3173 1142 3232 ori-

147 3260 215 3334 gine
231 3260 364 3336 imposita
380 3263 461 3336 genti
475 3261 579 3320 tributa
596 3278 655 3320 non
667 3259 883 3338 pependissent.
910 3257 1081 3318 luteriuisse
1092 3273 1175 3320 mess

146 3339 392 3402 adulescentulum
406 3346 536 3420 memini,
555 3363 618 3403 cum
642 3362 657 3404 a
679 3352 869 3422 procuratore
891 3341 1140 3420 frequentissimo·

148 3439 205 3500 que
224 3424 345 3482 consilio
362 3428 553 3504 inspiceretur
568 3430 780 3504 nonagenarius
798 3445 904 3504 senex,
925 3443 960 3486 an
985 3425 1140 3486 circumse-

148 3515 212 3564 ctus
228 3514 316 3562 esset.
