2466 3896
455 255 485 305 c.
509 255 694 304 onerosus.
775 242 778 248 ’
1013 241 1072 304 139

80 413 152 472 niam
172 411 380 489 processisset,
410 408 570 471 admonitus
597 409 633 470 de
658 408 819 489 supplendo
846 426 964 470 numero
989 409 1072 470 Rata-

80 512 196 570 vorum,
219 511 294 573 quos
325 495 402 556 circa
433 512 465 554 se
498 493 637 571 babebat,
669 493 861 573 expeditionis
885 493 1073 555 Germanicae

11 597 28 654 p
79 581 213 659 impetum
228 580 319 658 cepit;
341 597 434 658 neque
450 578 574 656 distulit,
596 577 648 638 sed
662 577 827 656 legionibus
848 586 877 638 et
891 578 1004 639 auxiliis
1022 597 1072 639 un·

8 647 11 671 '
80 663 165 741 dique
181 663 301 740 excitis,
326 661 479 723 dilectibus
493 662 598 743 ubique
612 660 800 723 acerbissime
814 670 901 740 actis,
922 670 1073 723 contracto

58 756 110 808 set
125 747 215 806 omnis
232 748 349 823 generis
370 755 529 808 commeatu
545 755 651 826 quanto
666 763 816 824 numquam
834 755 933 824 antea,
964 746 1018 807 iter
1031 748 1073 807 in·

79 847 199 908 gressus
213 839 258 890 est
273 831 458 909 confecitque
477 831 563 891 modo
586 839 643 891 tam
662 829 831 890 festinanter
852 838 880 890 et
902 829 1022 909 rapide.
1042 839 1073 891 ut

78 913 278 994 praetorianae
306 914 441 974 cobortes
468 924 568 975 contra
593 931 703 975 morem
726 915 809 991 signa
828 915 961 974 iumentis
983 915 1073 993 impo-

6 975 18 1046 ν’
77 1016 148 1057 nera
163 1006 191 1057 et
212 999 251 1058 ita
272 996 409 1076 subsequi
428 1007 618 1076 cogerentur,
643 997 783 1058 interdum
806 995 878 1057 adeo
897 998 1027 1074 segniter
1045 1006 1074 1057 et

6 1087 7 1094 ’
78 1081 218 1159 delicate,
254 1089 285 1140 ut
315 1080 475 1161 octaphoro
503 1082 674 1160 veheretur,
694 1091 781 1161 atque
807 1099 823 1142 a
849 1082 1074 1160 propinquamm

47 1165 188 1226 sturbium
203 1163 290 1244 plebe
304 1167 381 1225 verri
398 1165 451 1225 sibi
470 1166 532 1227 uias
552 1174 582 1226 et
604 1167 761 1245 conspergi
783 1173 906 1244 propter
924 1163 1073 1242 pulverem

79 1251 221 1327 exigeret.

93 1369 100 1379 ·
140 1329 295 1413 Postquam
313 1340 407 1392 castra
428 1333 536 1411 attigit,
559 1341 589 1392 ut
604 1351 636 1393 se
653 1351 749 1394 acrem
768 1349 804 1394 ac
818 1349 952 1392 severum
972 1330 1117 1408 ducenas

26 1493 28 1502 ‚
79 1415 262 1496 ostenderet,
284 1417 416 1494 legatos,
434 1417 481 1494 qui
500 1416 604 1477 auxilia
624 1418 717 1478 serios
732 1435 769 1477 ex
789 1415 912 1476 diversis
933 1415 1007 1475 locis
1024 1414 1072 1475 ad·

6 1470 22 1534 ν
79 1499 236 1577 duxerant,
260 1519 322 1561 cum
337 1501 492 1577 ignominia
507 1500 624 1572 dimisit;
648 1510 676 1562 at
692 1503 720 1560 in
735 1502 865 1561 exercitu
878 1498 1072 1577 recensendo,

44 1583 227 1664 repletisque
247 1585 442 1644 centurionum
453 1586 569 1645 maturis
582 1585 646 1663 iam,
665 1594 693 1646 et
714 1585 859 1645 nonnullis
874 1594 939 1646 ante
960 1584 1072 1663 paucis·

6 1671 7 1734 l
78 1669 169 1728 simos
188 1685 271 1747 qnam
287 1670 505 1729 consummaturi
526 1679 625 1730 essent
642 1669 714 1746 dies,
736 1670 844 1749 primos
860 1669 937 1749 pilos
958 1667 1072 1744 ademit,

26 1833 30 1838 .
79 1760 211 1813 causatus
234 1753 343 1813 senium
366 1755 502 1832 cuiusque
527 1762 556 1813 et
581 1754 819 1824 imbecillitatem
844 1762 1006 1813 ceterorum
1032 1755 1072 1812 in·

6 1809 23 1868 Ῡ
79 1836 191 1915 crepito
213 1835 381 1915 cupiditate,
404 1836 553 1898 commoda
574 1839 711 1899 emeritae
731 1837 846 1898 militiae
863 1838 898 1898 ad
923 1845 1072 1897 sescento·

77 1920 168 1980 rum*
188 1918 294 1979 milium
316 1937 450 1981 summam
470 1920 582 1981 recidit.
626 1921 703 1982 Nihil
728 1929 821 1982 autem
847 1920 967 1999 amplius
990 1936 1073 1998 quam

6 2029 7 2102 q
41 2029 67 2070 ιο
77 2004 211 2065 Adminio
236 2002 418 2080 Cynobellini
439 2003 637 2065 britannomm
661 2005 742 2082 regis
764 2004 839 2080 filio,
864 2005 912 2082 qui
930 2002 1029 2082 pulsus
1056 2021 1073 2064 a

77 2096 161 2168 patre
178 2105 240 2148 cum
257 2088 362 2166 exigua
376 2105 460 2147 mann
474 2089 683 2166 transfugerat,
705 2089 733 2147 in
749 2086 923 2147 deditionem
937 2094 1071 2164 recepto,

76 2172 158 2251 quasi
183 2173 317 2233 universa
345 2170 448 2232 tradita
474 2171 582 2249 insule,
616 2172 784 2250 magnificas
812 2172 932 2232 Romam
961 2169 1073 2229 litteras

14 2250 28 2278 ⁰
75 2255 169 2333 misit,
198 2256 312 2317 monitis
334 2254 580 2335 speculatoribus,
601 2265 631 2316 ut
650 2255 785 2316 vehiculo
809 2253 845 2316 ad
865 2255 959 2314 forum
981 2271 1073 2332 usque

77 2347 107 2399 et
123 2341 228 2402 curiam
243 2339 463 2420 pertenderent,
486 2358 541 2401 nec
555 2341 609 2401 nisi
624 2341 653 2400 in
669 2338 741 2400 sede
756 2339 855 2400 blattis
870 2356 905 2399 ao
920 2338 1072 2418 frequente

39 2445 67 2486 as
77 2432 178 2484 senatu
196 2422 361 2485 consulibus
376 2422 530 2484 traderent.

94 2539 95 2544 κ
138 2507 223 2586 blox,
245 2507 397 2569 deficiente
420 2507 490 2568 belli
510 2510 643 2586 materia,
666 2524 777 2587 pancos
796 2506 832 2568 de
853 2505 982 2566 custodia
1003 2503 1072 2567 Ger·
1080 2515 1114 2568 45

75 2608 177 2652 manos
205 2593 287 2653 traici
310 2591 462 2671 occulique
489 2601 568 2653 trans
589 2591 718 2654 Rhenum
742 2591 839 2668 iussit,
859 2609 894 2651 ac
924 2589 980 2650 sibi
1006 2599 1073 2669 post

75 2674 224 2754 prandium
241 2693 325 2754 quam
339 2676 592 2737 tumultuosissime
608 2675 713 2737 adesse
731 2675 844 2736 bostem
856 2674 988 2735 nuntiari.
1009 2673 1073 2748 Quo

75 2759 170 2836 facto,
199 2759 340 2839 proripuit
362 2778 395 2820 se
418 2779 482 2820 cum
503 2762 603 2822 amicis
618 2769 647 2820 et
669 2768 751 2838 perte
768 2761 894 2838 equitum
916 2757 1073 2837 praetoria·

37 2859 177 2904 aonomm
204 2844 232 2903 in
254 2846 413 2922 proximem
440 2843 558 2922 silvam,
591 2843 786 2922 truncatisque
810 2841 961 2906 arboribus
992 2849 1020 2900 et
1044 2840 1073 2899 in

74 2924 190 2986 modum
211 2934 397 3006 tropaeorum
414 2926 576 3007 adornatis,
600 2926 636 2988 ad
657 2927 762 2988 lumina
784 2943 938 3002 reversus,
974 2941 1073 2984 eornm

6 3019 35 3096 ‘V
75 3009 190 3089 quidem
207 3011 254 3090 qui
272 3012 363 3071 secuti
379 3028 437 3071 non
458 3021 556 3072 essent
576 3009 753 3072 timiditatem
773 3020 802 3071 et
822 3009 965 3088 ignaviam
984 3007 1072 3068 corri-

74 3093 152 3172 puit,
173 3096 292 3155 comites
314 3104 407 3156 autem
428 3103 457 3156 et
473 3096 632 3176 participes
652 3095 791 3155 victoriae
814 3110 892 3153 novo
912 3109 1022 3170 genere
1038 3109 1073 3153 ec

50 3227 52 3230 .
73 3179 189 3238 nomine
216 3195 386 3239 coronarum
404 3178 535 3257 donavit,
563 3198 634 3258 quas
660 3179 808 3240 distinctas
831 3176 901 3238 solis
931 3194 965 3236 ac
987 3175 1072 3236 lunae

36 3259 258 3342 sssidernmque
273 3263 373 3340 specie
390 3263 602 3341 exploratorias
616 3261 785 3342 appellarit.
827 3261 937 3322 liursns
956 3259 1073 3321 obsides

75 3344 215 3422 quosdam
231 3344 373 3406 abductos
387 3364 405 3405 e
419 3345 559 3407 litterario
573 3347 642 3408 ludo
658 3347 790 3425 clamque
809 3345 1002 3425 praemissos,
1024 3343 1073 3405 de·

6 3459 33 3522 ,f
73 3435 155 3486 serto
174 3437 297 3505 repente
318 3428 471 3504 convivio,
493 3449 557 3489 cunr
577 3431 704 3507 equitatu
725 3433 872 3490 insecutus
893 3428 982 3490 veluti
1005 3447 1073 3509 pro·

73 3509 163 3586 fugos
184 3527 218 3570 ac
237 3509 434 3589 reprehensos
462 3510 491 3568 in
521 3511 630 3570 catenis
658 3513 787 3581 reduxit;
815 3513 844 3570 in
874 3512 931 3572 hoe
956 3527 1073 3591 quoquo
