<?xml version="1.0" encoding="UTF-8"?>
<!DOCTYPE html PUBLIC "-//W3C//DTD XHTML 1.0 Transitional//EN"
    "http://www.w3.org/TR/xhtml1/DTD/xhtml1-transitional.dtd">
<html xmlns="http://www.w3.org/1999/xhtml" xml:lang="en" lang="en">
 <head>
  <title>
</title>
<meta http-equiv="Content-Type" content="text/html;charset=utf-8" />
  <meta name='ocr-system' content='tesseract 3.04.00' />
  <meta name='ocr-capabilities' content='ocr_page ocr_carea ocr_par ocr_line ocrx_word'/>
</head>
<body>
  <div class='ocr_page' id='page_1' title='image "./csuetonitranqui00suetgoog_0169.png"; bbox 0 0 2468 3912; ppageno 0'>
   <div class='ocr_carea' id='block_1_1' title="bbox 138 240 1080 305">
    <p class='ocr_par' dir='ltr' id='par_1_1' title="bbox 138 240 1080 305">
     <span class='ocr_line' id='line_1_1' title="bbox 138 240 1080 305; baseline -0.003 -3"><span class='ocrx_word' id='word_1_1' title='bbox 138 240 179 304; x_wconf 76' lang='lat'><strong>58</strong></span> <span class='ocrx_word' id='word_1_2' title='bbox 217 251 246 300; x_wconf 92' lang='lat' dir='ltr'><strong>c.</strong></span> <span class='ocrx_word' id='word_1_3' title='bbox 267 249 417 298; x_wconf 84' lang='lat' dir='ltr'><strong>sunnoru</strong></span> <span class='ocrx_word' id='word_1_4' title='bbox 438 246 567 305; x_wconf 77' lang='lat' dir='ltr'><strong>nanno.</strong></span> <span class='ocrx_word' id='word_1_5' title='bbox 583 246 630 293; x_wconf 89' lang='lat' dir='ltr'><strong>nn</strong></span> <span class='ocrx_word' id='word_1_6' title='bbox 645 247 728 294; x_wconf 76' lang='lat' dir='ltr'><strong>vinu</strong></span> <span class='ocrx_word' id='word_1_7' title='bbox 744 246 929 296; x_wconf 79' lang='lat' dir='ltr'><strong>canossam</strong></span> <span class='ocrx_word' id='word_1_8' title='bbox 945 250 1017 299; x_wconf 80' lang='lat' dir='ltr'><strong>crs.</strong></span> <span class='ocrx_word' id='word_1_9' title='bbox 1037 253 1080 300; x_wconf 66' lang='grc' dir='ltr'><strong>ιε.</strong></span> 
     </span>
    </p>
   </div>
   <div class='ocr_carea' id='block_1_2' title="bbox 137 401 1145 740">
    <p class='ocr_par' dir='ltr' id='par_1_2' title="bbox 137 401 1145 740">
     <span class='ocr_line' id='line_1_2' title="bbox 138 401 1144 486; baseline -0.003 -15"><span class='ocrx_word' id='word_1_10' title='bbox 138 415 221 486; x_wconf 82' lang='lat' dir='ltr'><strong>rect,</strong></span> <span class='ocrx_word' id='word_1_11' title='bbox 237 413 283 466; x_wconf 82' lang='lat' dir='ltr'><strong>ter</strong></span> <span class='ocrx_word' id='word_1_12' title='bbox 298 413 327 465; x_wconf 86' lang='lat' dir='ltr'><strong>ct</strong></span> <span class='ocrx_word' id='word_1_13' title='bbox 345 403 449 463; x_wconf 79' lang='lat' dir='ltr'><strong>vicies.</strong></span> <span class='ocrx_word' id='word_1_14' title='bbox 476 401 616 481; x_wconf 87' lang='lat' dir='ltr'><strong>Fecitque</strong></span> <span class='ocrx_word' id='word_1_15' title='bbox 636 418 846 482; x_wconf 83' lang='lat' dir='ltr'><strong>nonnumquam</strong></span> <span class='ocrx_word' id='word_1_16' title='bbox 861 405 976 464; x_wconf 88' lang='lat' dir='ltr'><strong>vicatim</strong></span> <span class='ocrx_word' id='word_1_17' title='bbox 996 423 1032 466; x_wconf 92' lang='lat' dir='ltr'><strong>ac</strong></span> <span class='ocrx_word' id='word_1_18' title='bbox 1050 407 1144 486; x_wconf 91' lang='lat' dir='ltr'><strong>pluri·</strong></span> 
     </span>
     <span class='ocr_line' id='line_1_3' title="bbox 138 487 1145 566; baseline 0 -13"><span class='ocrx_word' id='word_1_19' title='bbox 138 495 193 553; x_wconf 91' lang='lat' dir='ltr'><strong>bus</strong></span> <span class='ocrx_word' id='word_1_20' title='bbox 214 491 329 552; x_wconf 89' lang='lat' dir='ltr'><strong>scaenis</strong></span> <span class='ocrx_word' id='word_1_21' title='bbox 351 505 405 566; x_wconf 89' lang='lat' dir='ltr'><strong>per</strong></span> <span class='ocrx_word' id='word_1_22' title='bbox 427 487 549 545; x_wconf 91' lang='lat' dir='ltr'><strong>omnium</strong></span> <span class='ocrx_word' id='word_1_23' title='bbox 569 487 730 563; x_wconf 85' lang='lat' dir='ltr'><strong>linguarum</strong></span> <span class='ocrx_word' id='word_1_24' title='bbox 751 487 908 548; x_wconf 78' lang='lat' dir='ltr'><strong>histriones</strong></span> <span class='ocrx_word' id='word_1_25' title='bbox 931 489 1011 526; x_wconf 69' lang='lat'><strong>*⁴⁸</strong></span> <span class='ocrx_word' id='word_1_26' title='bbox 1032 509 1094 551; x_wconf 96' lang='lat' dir='ltr'><strong>non</strong></span> <span class='ocrx_word' id='word_1_27' title='bbox 1115 496 1145 553; x_wconf 92' lang='lat' dir='ltr'><strong>in</strong></span> 
     </span>
     <span class='ocr_line' id='line_1_4' title="bbox 137 570 1144 650; baseline 0 -13"><span class='ocrx_word' id='word_1_28' title='bbox 137 579 202 638; x_wconf 85' lang='lat' dir='ltr'><strong>loro</strong></span> <span class='ocrx_word' id='word_1_29' title='bbox 220 573 324 649; x_wconf 91' lang='lat' dir='ltr'><strong>modo,</strong></span> <span class='ocrx_word' id='word_1_30' title='bbox 345 572 449 630; x_wconf 92' lang='lat' dir='ltr'><strong>necin</strong></span> <span class='ocrx_word' id='word_1_31' title='bbox 470 570 694 650; x_wconf 90' lang='lat' dir='ltr'><strong>amphitheatro,</strong></span> <span class='ocrx_word' id='word_1_32' title='bbox 716 571 769 632; x_wconf 92' lang='lat' dir='ltr'><strong>sed</strong></span> <span class='ocrx_word' id='word_1_33' title='bbox 791 581 821 631; x_wconf 91' lang='lat' dir='ltr'><strong>et</strong></span> <span class='ocrx_word' id='word_1_34' title='bbox 841 574 870 631; x_wconf 93' lang='lat' dir='ltr'><strong>in</strong></span> <span class='ocrx_word' id='word_1_35' title='bbox 891 575 970 633; x_wconf 89' lang='lat' dir='ltr'><strong>circo</strong></span> <span class='ocrx_word' id='word_1_36' title='bbox 995 583 1024 634; x_wconf 90' lang='lat' dir='ltr'><strong>et</strong></span> <span class='ocrx_word' id='word_1_37' title='bbox 1041 576 1072 635; x_wconf 93' lang='lat' dir='ltr'><strong>in</strong></span> <span class='ocrx_word' id='word_1_38' title='bbox 1089 577 1144 638; x_wconf 88' lang='lat' dir='ltr'><strong>Se-</strong></span> 
     </span>
     <span class='ocr_line' id='line_1_5' title="bbox 139 655 1144 740; baseline 0.002 -20"><span class='ocrx_word' id='word_1_39' title='bbox 139 662 209 740; x_wconf 88' lang='lat' dir='ltr'><strong>ptis,</strong></span> <span class='ocrx_word' id='word_1_40' title='bbox 231 667 261 718; x_wconf 91' lang='lat' dir='ltr'><strong>et</strong></span> <span class='ocrx_word' id='word_1_41' title='bbox 283 655 436 736; x_wconf 89' lang='lat' dir='ltr'><strong>aliquando</strong></span> <span class='ocrx_word' id='word_1_42' title='bbox 459 655 528 714; x_wconf 86' lang='lat' dir='ltr'><strong>nihil</strong></span> <span class='ocrx_word' id='word_1_43' title='bbox 552 663 669 735; x_wconf 89' lang='lat' dir='ltr'><strong>praeter</strong></span> <span class='ocrx_word' id='word_1_44' title='bbox 689 656 872 716; x_wconf 87' lang='lat' dir='ltr'><strong>venationem</strong></span> <span class='ocrx_word' id='word_1_45' title='bbox 887 658 991 729; x_wconf 88' lang='lat' dir='ltr'><strong>edidit;</strong></span> <span class='ocrx_word' id='word_1_46' title='bbox 1015 658 1144 722; x_wconf 91' lang='lat' dir='ltr'><strong>athletas</strong></span> 
     </span>
    </p>
   </div>
   <div class='ocr_carea' id='block_1_3' title="bbox 96 739 1222 3596">
    <p class='ocr_par' dir='ltr' id='par_1_3' title="bbox 96 739 1222 3596">
     <span class='ocr_line' id='line_1_6' title="bbox 138 739 1165 824; baseline -0.003 -21"><span class='ocrx_word' id='word_1_47' title='bbox 138 760 266 824; x_wconf 90' lang='lat' dir='ltr'><strong>quoque,</strong></span> <span class='ocrx_word' id='word_1_48' title='bbox 284 743 422 802; x_wconf 83' lang='lat' dir='ltr'><strong>extructis</strong></span> <span class='ocrx_word' id='word_1_49' title='bbox 438 741 466 798; x_wconf 94' lang='lat' dir='ltr'><strong>in</strong></span> <span class='ocrx_word' id='word_1_50' title='bbox 481 757 584 818; x_wconf 93' lang='lat' dir='ltr'><strong>campo</strong></span> <span class='ocrx_word' id='word_1_51' title='bbox 595 739 699 800; x_wconf 86' lang='lat' dir='ltr'><strong>lilartio</strong></span> <span class='ocrx_word' id='word_1_52' title='bbox 715 740 854 802; x_wconf 89' lang='lat' dir='ltr'><strong>sedilibus</strong></span> <span class='ocrx_word' id='word_1_53' title='bbox 869 741 988 820; x_wconf 86' lang='lat' dir='ltr'><strong>ligneis;</strong></span> <span class='ocrx_word' id='word_1_54' title='bbox 1004 744 1074 803; x_wconf 90' lang='lat' dir='ltr'><strong>item</strong></span> <span class='ocrx_word' id='word_1_55' title='bbox 1089 759 1165 806; x_wconf 83' lang='lat' dir='ltr'><strong>na·s</strong></span> 
     </span>
     <span class='ocr_line' id='line_1_7' title="bbox 137 823 1143 907; baseline -0.001 -18"><span class='ocrx_word' id='word_1_56' title='bbox 137 829 204 889; x_wconf 88' lang='lat' dir='ltr'><strong>vale</strong></span> <span class='ocrx_word' id='word_1_57' title='bbox 218 827 377 907; x_wconf 87' lang='lat' dir='ltr'><strong>proelium,</strong></span> <span class='ocrx_word' id='word_1_58' title='bbox 394 825 472 885; x_wconf 90' lang='lat' dir='ltr'><strong>circa</strong></span> <span class='ocrx_word' id='word_1_59' title='bbox 489 824 615 884; x_wconf 84' lang='lat' dir='ltr'><strong>Tiberim</strong></span> <span class='ocrx_word' id='word_1_60' title='bbox 632 835 735 885; x_wconf 86' lang='lat' dir='ltr'><strong>cavato</strong></span> <span class='ocrx_word' id='word_1_61' title='bbox 750 823 831 903; x_wconf 88' lang='lat' dir='ltr'><strong>solo,</strong></span> <span class='ocrx_word' id='word_1_62' title='bbox 852 827 954 906; x_wconf 91' lang='lat' dir='ltr'><strong>inquo</strong></span> <span class='ocrx_word' id='word_1_63' title='bbox 972 845 1046 887; x_wconf 91' lang='lat' dir='ltr'><strong>nunc</strong></span> <span class='ocrx_word' id='word_1_64' title='bbox 1066 827 1143 889; x_wconf 87' lang='lat' dir='ltr'><strong>Cae·</strong></span> 
     </span>
     <span class='ocr_line' id='line_1_8' title="bbox 137 907 1143 991; baseline 0 -18"><span class='ocrx_word' id='word_1_65' title='bbox 137 931 232 974; x_wconf 92' lang='lat' dir='ltr'><strong>sarum</strong></span> <span class='ocrx_word' id='word_1_66' title='bbox 247 926 348 972; x_wconf 88' lang='lat' dir='ltr'><strong>nemus</strong></span> <span class='ocrx_word' id='word_1_67' title='bbox 363 918 417 970; x_wconf 89' lang='lat' dir='ltr'><strong>est.</strong></span> <span class='ocrx_word' id='word_1_68' title='bbox 449 908 560 984; x_wconf 81' lang='lat' dir='ltr'><strong>Quibus</strong></span> <span class='ocrx_word' id='word_1_69' title='bbox 572 907 674 969; x_wconf 88' lang='lat' dir='ltr'><strong>diebus</strong></span> <span class='ocrx_word' id='word_1_70' title='bbox 690 908 826 970; x_wconf 83' lang='lat' dir='ltr'><strong>custodes</strong></span> <span class='ocrx_word' id='word_1_71' title='bbox 846 911 875 970; x_wconf 96' lang='lat' dir='ltr'><strong>in</strong></span> <span class='ocrx_word' id='word_1_72' title='bbox 895 911 968 971; x_wconf 91' lang='lat' dir='ltr'><strong>urbe</strong></span> <span class='ocrx_word' id='word_1_73' title='bbox 984 911 1143 991; x_wconf 76' lang='lat' dir='ltr'><strong>disposuit,</strong></span> 
     </span>
     <span class='ocr_line' id='line_1_9' title="bbox 136 993 1144 1071; baseline -0.001 -13"><span class='ocrx_word' id='word_1_74' title='bbox 136 1017 173 1058; x_wconf 95' lang='lat' dir='ltr'><strong>ne</strong></span> <span class='ocrx_word' id='word_1_75' title='bbox 199 998 318 1058; x_wconf 90' lang='lat' dir='ltr'><strong>raritate</strong></span> <span class='ocrx_word' id='word_1_76' title='bbox 343 994 548 1055; x_wconf 88' lang='lat' dir='ltr'><strong>remanentium</strong></span> <span class='ocrx_word' id='word_1_77' title='bbox 575 993 790 1071; x_wconf 81' lang='lat' dir='ltr'><strong>grassatoribus</strong></span> <span class='ocrx_word' id='word_1_78' title='bbox 817 994 944 1056; x_wconf 83' lang='lat' dir='ltr'><strong>obnoxia</strong></span> <span class='ocrx_word' id='word_1_79' title='bbox 969 1005 1059 1056; x_wconf 91' lang='lat' dir='ltr'><strong>esset.</strong></span> <span class='ocrx_word' id='word_1_80' title='bbox 1108 996 1144 1057; x_wconf 96' lang='lat' dir='ltr'><strong>ln</strong></span> 
     </span>
     <span class='ocr_line' id='line_1_10' title="bbox 138 1079 1143 1159; baseline -0.003 -15"><span class='ocrx_word' id='word_1_81' title='bbox 138 1084 217 1144; x_wconf 90' lang='lat' dir='ltr'><strong>circo</strong></span> <span class='ocrx_word' id='word_1_82' title='bbox 243 1082 359 1159; x_wconf 81' lang='lat' dir='ltr'><strong>aurigas</strong></span> <span class='ocrx_word' id='word_1_83' title='bbox 382 1096 576 1157; x_wconf 80' lang='lat' dir='ltr'><strong>cursoresque</strong></span> <span class='ocrx_word' id='word_1_84' title='bbox 599 1087 628 1137; x_wconf 95' lang='lat' dir='ltr'><strong>et</strong></span> <span class='ocrx_word' id='word_1_85' title='bbox 651 1079 836 1140; x_wconf 79' lang='lat' dir='ltr'><strong>confectores</strong></span> <span class='ocrx_word' id='word_1_86' title='bbox 855 1080 998 1158; x_wconf 87' lang='lat' dir='ltr'><strong>lerarunr,</strong></span> <span class='ocrx_word' id='word_1_87' title='bbox 1023 1090 1052 1140; x_wconf 91' lang='lat' dir='ltr'><strong>et</strong></span> <span class='ocrx_word' id='word_1_88' title='bbox 1067 1099 1143 1142; x_wconf 94' lang='lat' dir='ltr'><strong>non·</strong></span> 
     </span>
     <span class='ocr_line' id='line_1_11' title="bbox 136 1163 1176 1246; baseline -0.004 -18"><span class='ocrx_word' id='word_1_89' title='bbox 136 1185 289 1246; x_wconf 91' lang='lat' dir='ltr'><strong>numquam</strong></span> <span class='ocrx_word' id='word_1_90' title='bbox 315 1184 352 1224; x_wconf 85' lang='lat' dir='ltr'><strong>ex</strong></span> <span class='ocrx_word' id='word_1_91' title='bbox 372 1164 550 1224; x_wconf 90' lang='lat' dir='ltr'><strong>nobilissima</strong></span> <span class='ocrx_word' id='word_1_92' title='bbox 572 1163 735 1239; x_wconf 88' lang='lat' dir='ltr'><strong>iuventute,</strong></span> <span class='ocrx_word' id='word_1_93' title='bbox 758 1164 904 1242; x_wconf 85' lang='lat' dir='ltr'><strong>produxit.</strong></span> <span class='ocrx_word' id='word_1_94' title='bbox 941 1165 1000 1226; x_wconf 89' lang='lat' dir='ltr'><strong>Sed</strong></span> <span class='ocrx_word' id='word_1_95' title='bbox 1022 1175 1051 1225; x_wconf 93' lang='lat' dir='ltr'><strong>et</strong></span> <span class='ocrx_word' id='word_1_96' title='bbox 1066 1165 1176 1228; x_wconf 84' lang='lat' dir='ltr'><strong>Tro-sn</strong></span> 
     </span>
     <span class='ocr_line' id='line_1_12' title="bbox 135 1247 1142 1329; baseline -0.001 -18"><span class='ocrx_word' id='word_1_97' title='bbox 135 1253 182 1314; x_wconf 90' lang='lat' dir='ltr'><strong>iae</strong></span> <span class='ocrx_word' id='word_1_98' title='bbox 198 1252 291 1312; x_wconf 91' lang='lat' dir='ltr'><strong>lusum</strong></span> <span class='ocrx_word' id='word_1_99' title='bbox 306 1248 395 1310; x_wconf 88' lang='lat' dir='ltr'><strong>edidit</strong></span> <span class='ocrx_word' id='word_1_100' title='bbox 408 1248 641 1327; x_wconf 79' lang='lat' dir='ltr'><strong>frequentissime</strong></span> <span class='ocrx_word' id='word_1_101' title='bbox 658 1247 796 1307; x_wconf 91' lang='lat' dir='ltr'><strong>maiorum</strong></span> <span class='ocrx_word' id='word_1_102' title='bbox 811 1249 1010 1329; x_wconf 91' lang='lat' dir='ltr'><strong>minorumque</strong></span> <span class='ocrx_word' id='word_1_103' title='bbox 1032 1267 1142 1328; x_wconf 92' lang='lat' dir='ltr'><strong>puero·</strong></span> 
     </span>
     <span class='ocr_line' id='line_1_13' title="bbox 137 1332 1141 1415; baseline -0.002 -18"><span class='ocrx_word' id='word_1_104' title='bbox 137 1357 215 1414; x_wconf 88' lang='lat' dir='ltr'><strong>rum,</strong></span> <span class='ocrx_word' id='word_1_105' title='bbox 232 1335 322 1415; x_wconf 79' lang='lat' dir='ltr'><strong>prisci</strong></span> <span class='ocrx_word' id='word_1_106' title='bbox 337 1333 495 1411; x_wconf 87' lang='lat' dir='ltr'><strong>decorique</strong></span> <span class='ocrx_word' id='word_1_107' title='bbox 511 1333 600 1392; x_wconf 90' lang='lat' dir='ltr'><strong>moris</strong></span> <span class='ocrx_word' id='word_1_108' title='bbox 616 1333 799 1409; x_wconf 88' lang='lat' dir='ltr'><strong>existimans,</strong></span> <span class='ocrx_word' id='word_1_109' title='bbox 820 1332 917 1394; x_wconf 86' lang='lat' dir='ltr'><strong>clarae</strong></span> <span class='ocrx_word' id='word_1_110' title='bbox 937 1335 1038 1412; x_wconf 87' lang='lat' dir='ltr'><strong>stirpis</strong></span> <span class='ocrx_word' id='word_1_111' title='bbox 1057 1334 1141 1395; x_wconf 92' lang='lat' dir='ltr'><strong>indo·</strong></span> 
     </span>
     <span class='ocr_line' id='line_1_14' title="bbox 137 1415 1142 1498; baseline -0.004 -15"><span class='ocrx_word' id='word_1_112' title='bbox 137 1423 194 1482; x_wconf 87' lang='lat' dir='ltr'><strong>lem</strong></span> <span class='ocrx_word' id='word_1_113' title='bbox 210 1423 253 1481; x_wconf 93' lang='lat' dir='ltr'><strong>sic</strong></span> <span class='ocrx_word' id='word_1_114' title='bbox 268 1427 433 1478; x_wconf 90' lang='lat' dir='ltr'><strong>notescere.</strong></span> <span class='ocrx_word' id='word_1_115' title='bbox 458 1417 489 1476; x_wconf 93' lang='lat' dir='ltr'><strong>ln</strong></span> <span class='ocrx_word' id='word_1_116' title='bbox 506 1418 563 1477; x_wconf 92' lang='lat' dir='ltr'><strong>hoc</strong></span> <span class='ocrx_word' id='word_1_117' title='bbox 578 1416 689 1477; x_wconf 90' lang='lat' dir='ltr'><strong>ludicro</strong></span> <span class='ocrx_word' id='word_1_118' title='bbox 704 1415 828 1476; x_wconf 89' lang='lat' dir='ltr'><strong>Nonium</strong></span> <span class='ocrx_word' id='word_1_119' title='bbox 843 1417 1038 1496; x_wconf 81' lang='lat' dir='ltr'><strong>Asprenatem</strong></span> <span class='ocrx_word' id='word_1_120' title='bbox 1053 1418 1142 1498; x_wconf 87' lang='lat' dir='ltr'><strong>lapsu</strong></span> 
     </span>
     <span class='ocr_line' id='line_1_15' title="bbox 137 1501 1140 1582; baseline -0.003 -16"><span class='ocrx_word' id='word_1_121' title='bbox 137 1505 315 1566; x_wconf 90' lang='lat' dir='ltr'><strong>debilitatum</strong></span> <span class='ocrx_word' id='word_1_122' title='bbox 330 1519 418 1561; x_wconf 89' lang='lat' dir='ltr'><strong>aureo</strong></span> <span class='ocrx_word' id='word_1_123' title='bbox 434 1510 537 1579; x_wconf 92' lang='lat' dir='ltr'><strong>torque</strong></span> <span class='ocrx_word' id='word_1_124' title='bbox 550 1501 667 1562; x_wconf 89' lang='lat' dir='ltr'><strong>donavit</strong></span> <span class='ocrx_word' id='word_1_125' title='bbox 680 1519 842 1580; x_wconf 89' lang='lat' dir='ltr'><strong>passusque</strong></span> <span class='ocrx_word' id='word_1_126' title='bbox 863 1511 908 1562; x_wconf 93' lang='lat' dir='ltr'><strong>est</strong></span> <span class='ocrx_word' id='word_1_127' title='bbox 929 1502 1021 1582; x_wconf 87' lang='lat' dir='ltr'><strong>ipsum</strong></span> <span class='ocrx_word' id='word_1_128' title='bbox 1039 1512 1140 1581; x_wconf 93' lang='lat' dir='ltr'><strong>poste·</strong></span> 
     </span>
     <span class='ocr_line' id='line_1_16' title="bbox 137 1553 1218 1665; baseline -0.005 -16"><span class='ocrx_word' id='word_1_129' title='bbox 137 1605 246 1665; x_wconf 89' lang='lat' dir='ltr'><strong>rosque</strong></span> <span class='ocrx_word' id='word_1_130' title='bbox 272 1585 410 1663; x_wconf 87' lang='lat' dir='ltr'><strong>Torquati</strong></span> <span class='ocrx_word' id='word_1_131' title='bbox 435 1585 514 1644; x_wconf 86' lang='lat' dir='ltr'><strong>ierne</strong></span> <span class='ocrx_word' id='word_1_132' title='bbox 543 1603 715 1662; x_wconf 79' lang='lat' dir='ltr'><strong>cognomen.</strong></span> <span class='ocrx_word' id='word_1_133' title='bbox 761 1585 831 1647; x_wconf 83' lang='lat' dir='ltr'><strong>hlox</strong></span> <span class='ocrx_word' id='word_1_134' title='bbox 858 1587 943 1646; x_wconf 90' lang='lat' dir='ltr'><strong>linem</strong></span> <span class='ocrx_word' id='word_1_135' title='bbox 973 1587 1044 1648; x_wconf 88' lang='lat' dir='ltr'><strong>lecit</strong></span> <span class='ocrx_word' id='word_1_136' title='bbox 1068 1586 1175 1648; x_wconf 78' lang='lat' dir='ltr'><strong>taliam</strong></span> <span class='ocrx_word' id='word_1_137' title='bbox 1217 1553 1218 1620; x_wconf 62' lang='lat' dir='ltr'><strong>l</strong></span> 
     </span>
     <span class='ocr_line' id='line_1_17' title="bbox 137 1650 1219 1750; baseline -0.002 -17"><span class='ocrx_word' id='word_1_138' title='bbox 137 1670 259 1745; x_wconf 90' lang='lat' dir='ltr'><strong>edendi,</strong></span> <span class='ocrx_word' id='word_1_139' title='bbox 274 1668 376 1729; x_wconf 92' lang='lat' dir='ltr'><strong>Asinio</strong></span> <span class='ocrx_word' id='word_1_140' title='bbox 391 1668 523 1728; x_wconf 88' lang='lat' dir='ltr'><strong>Pollione</strong></span> <span class='ocrx_word' id='word_1_141' title='bbox 539 1678 656 1729; x_wconf 90' lang='lat' dir='ltr'><strong>oratore</strong></span> <span class='ocrx_word' id='word_1_142' title='bbox 671 1671 801 1747; x_wconf 85' lang='lat' dir='ltr'><strong>graviter</strong></span> <span class='ocrx_word' id='word_1_143' title='bbox 818 1670 1020 1750; x_wconf 82' lang='lat' dir='ltr'><strong>inuidioseque</strong></span> <span class='ocrx_word' id='word_1_144' title='bbox 1040 1672 1069 1730; x_wconf 96' lang='lat' dir='ltr'><strong>in</strong></span> <span class='ocrx_word' id='word_1_145' title='bbox 1091 1689 1141 1731; x_wconf 92' lang='lat' dir='ltr'><strong>cn·</strong></span> <span class='ocrx_word' id='word_1_146' title='bbox 1218 1650 1219 1708; x_wconf 66' lang='lat' dir='ltr'><strong>l</strong></span> 
     </span>
     <span class='ocr_line' id='line_1_18' title="bbox 136 1744 1220 1834; baseline -0.002 -18"><span class='ocrx_word' id='word_1_147' title='bbox 136 1757 180 1816; x_wconf 90' lang='lat' dir='ltr'><strong>ria</strong></span> <span class='ocrx_word' id='word_1_148' title='bbox 197 1762 299 1833; x_wconf 89' lang='lat' dir='ltr'><strong>questo</strong></span> <span class='ocrx_word' id='word_1_149' title='bbox 315 1751 469 1811; x_wconf 84' lang='lat' dir='ltr'><strong>Aesernini</strong></span> <span class='ocrx_word' id='word_1_150' title='bbox 483 1753 599 1831; x_wconf 90' lang='lat' dir='ltr'><strong>nepotis</strong></span> <span class='ocrx_word' id='word_1_151' title='bbox 615 1755 658 1813; x_wconf 92' lang='lat' dir='ltr'><strong>sui</strong></span> <span class='ocrx_word' id='word_1_152' title='bbox 674 1772 785 1833; x_wconf 89' lang='lat' dir='ltr'><strong>casum,</strong></span> <span class='ocrx_word' id='word_1_153' title='bbox 807 1756 855 1833; x_wconf 95' lang='lat' dir='ltr'><strong>qui</strong></span> <span class='ocrx_word' id='word_1_154' title='bbox 870 1763 899 1814; x_wconf 89' lang='lat' dir='ltr'><strong>et</strong></span> <span class='ocrx_word' id='word_1_155' title='bbox 913 1756 979 1834; x_wconf 91' lang='lat' dir='ltr'><strong>ipse</strong></span> <span class='ocrx_word' id='word_1_156' title='bbox 996 1773 1062 1815; x_wconf 91' lang='lat' dir='ltr'><strong>crus</strong></span> <span class='ocrx_word' id='word_1_157' title='bbox 1079 1755 1141 1816; x_wconf 86' lang='lat' dir='ltr'><strong>fre·</strong></span> <span class='ocrx_word' id='word_1_158' title='bbox 1219 1744 1220 1786; x_wconf 63' lang='lat' dir='ltr'><strong>l</strong></span> 
     </span>
     <span class='ocr_line' id='line_1_19' title="bbox 137 1840 1221 1918; baseline -0.001 -19"><span class='ocrx_word' id='word_1_159' title='bbox 137 1847 231 1918; x_wconf 81' lang='lat' dir='ltr'><strong>gerat.</strong></span> <span class='ocrx_word' id='word_1_160' title='bbox 1220 1840 1221 1882; x_wconf 77' lang='lat' dir='ltr'><strong>l</strong></span> 
     </span>
     <span class='ocr_line' id='line_1_20' title="bbox 200 1921 1222 2003; baseline 0.001 -20"><span class='ocrx_word' id='word_1_161' title='bbox 200 1922 246 1983; x_wconf 98' lang='lat' dir='ltr'><strong>Ad</strong></span> <span class='ocrx_word' id='word_1_162' title='bbox 259 1923 392 1983; x_wconf 91' lang='lat' dir='ltr'><strong>scenicas</strong></span> <span class='ocrx_word' id='word_1_163' title='bbox 405 1938 522 2001; x_wconf 93' lang='lat' dir='ltr'><strong>quoque</strong></span> <span class='ocrx_word' id='word_1_164' title='bbox 534 1929 563 1982; x_wconf 91' lang='lat' dir='ltr'><strong>et</strong></span> <span class='ocrx_word' id='word_1_165' title='bbox 571 1921 759 1999; x_wconf 83' lang='lat' dir='ltr'><strong>gladiatorias</strong></span> <span class='ocrx_word' id='word_1_166' title='bbox 771 1941 878 2002; x_wconf 86' lang='lat' dir='ltr'><strong>operas</strong></span> <span class='ocrx_word' id='word_1_167' title='bbox 887 1933 917 1983; x_wconf 91' lang='lat' dir='ltr'><strong>et</strong></span> <span class='ocrx_word' id='word_1_168' title='bbox 927 1922 1071 2003; x_wconf 89' lang='lat' dir='ltr'><strong>equitibus</strong></span> <span class='ocrx_word' id='word_1_169' title='bbox 1077 1923 1139 1985; x_wconf 87' lang='lat' dir='ltr'><strong>Ro-</strong></span> <span class='ocrx_word' id='word_1_170' title='bbox 1221 1936 1222 1976; x_wconf 80' lang='lat' dir='ltr'><strong>t</strong></span> 
     </span>
     <span class='ocr_line' id='line_1_21' title="bbox 136 2006 1175 2088; baseline -0.006 -18"><span class='ocrx_word' id='word_1_171' title='bbox 136 2009 227 2071; x_wconf 92' lang='lat' dir='ltr'><strong>manis</strong></span> <span class='ocrx_word' id='word_1_172' title='bbox 242 2006 395 2087; x_wconf 89' lang='lat' dir='ltr'><strong>aliquando</strong></span> <span class='ocrx_word' id='word_1_173' title='bbox 411 2025 480 2066; x_wconf 90' lang='lat' dir='ltr'><strong>usus</strong></span> <span class='ocrx_word' id='word_1_174' title='bbox 495 2015 549 2084; x_wconf 90' lang='lat' dir='ltr'><strong>est,</strong></span> <span class='ocrx_word' id='word_1_175' title='bbox 564 2025 663 2068; x_wconf 86' lang='lat' dir='ltr'><strong>verum</strong></span> <span class='ocrx_word' id='word_1_176' title='bbox 679 2009 759 2086; x_wconf 88' lang='lat' dir='ltr'><strong>prius</strong></span> <span class='ocrx_word' id='word_1_177' title='bbox 771 2027 854 2088; x_wconf 87' lang='lat' dir='ltr'><strong>quarn</strong></span> <span class='ocrx_word' id='word_1_178' title='bbox 870 2016 986 2068; x_wconf 89' lang='lat' dir='ltr'><strong>senatus</strong></span> <span class='ocrx_word' id='word_1_179' title='bbox 1002 2007 1175 2068; x_wconf 80' lang='lat' dir='ltr'><strong>consultore</strong></span> 
     </span>
     <span class='ocr_line' id='line_1_22' title="bbox 137 2090 1137 2171; baseline -0.002 -17"><span class='ocrx_word' id='word_1_180' title='bbox 137 2093 367 2154; x_wconf 87' lang='lat' dir='ltr'><strong>interdiceretur.</strong></span> <span class='ocrx_word' id='word_1_181' title='bbox 401 2090 509 2152; x_wconf 88' lang='lat' dir='ltr'><strong>Postea</strong></span> <span class='ocrx_word' id='word_1_182' title='bbox 531 2091 601 2150; x_wconf 92' lang='lat' dir='ltr'><strong>nihil</strong></span> <span class='ocrx_word' id='word_1_183' title='bbox 620 2110 690 2152; x_wconf 88' lang='lat' dir='ltr'><strong>sane</strong></span> <span class='ocrx_word' id='word_1_184' title='bbox 712 2102 914 2171; x_wconf 87' lang='lat' dir='ltr'><strong>praeterquam</strong></span> <span class='ocrx_word' id='word_1_185' title='bbox 935 2091 1137 2152; x_wconf 88' lang='lat' dir='ltr'><strong>adulescentu-</strong></span> 
     </span>
     <span class='ocr_line' id='line_1_23' title="bbox 136 2175 1138 2255; baseline -0.004 -15"><span class='ocrx_word' id='word_1_186' title='bbox 136 2180 194 2240; x_wconf 91' lang='lat' dir='ltr'><strong>lum</strong></span> <span class='ocrx_word' id='word_1_187' title='bbox 207 2178 239 2240; x_wconf 79' lang='lat'><strong>1..</strong></span> <span class='ocrx_word' id='word_1_188' title='bbox 258 2177 346 2238; x_wconf 86' lang='lat' dir='ltr'><strong>laium</strong></span> <span class='ocrx_word' id='word_1_189' title='bbox 361 2176 485 2238; x_wconf 88' lang='lat' dir='ltr'><strong>honeste</strong></span> <span class='ocrx_word' id='word_1_190' title='bbox 500 2184 595 2236; x_wconf 92' lang='lat' dir='ltr'><strong>natum</strong></span> <span class='ocrx_word' id='word_1_191' title='bbox 612 2176 754 2255; x_wconf 86' lang='lat' dir='ltr'><strong>exhibuit,</strong></span> <span class='ocrx_word' id='word_1_192' title='bbox 777 2185 882 2236; x_wconf 91' lang='lat' dir='ltr'><strong>tantum</strong></span> <span class='ocrx_word' id='word_1_193' title='bbox 903 2185 932 2236; x_wconf 89' lang='lat' dir='ltr'><strong>ut</strong></span> <span class='ocrx_word' id='word_1_194' title='bbox 953 2175 1138 2246; x_wconf 88' lang='lat' dir='ltr'><strong>ostenderet;</strong></span> 
     </span>
     <span class='ocr_line' id='line_1_24' title="bbox 138 2259 1139 2343; baseline -0.005 -19"><span class='ocrx_word' id='word_1_195' title='bbox 138 2263 216 2343; x_wconf 94' lang='lat' dir='ltr'><strong>quod</strong></span> <span class='ocrx_word' id='word_1_196' title='bbox 234 2273 297 2323; x_wconf 91' lang='lat' dir='ltr'><strong>erat</strong></span> <span class='ocrx_word' id='word_1_197' title='bbox 314 2260 442 2340; x_wconf 91' lang='lat' dir='ltr'><strong>bipedali</strong></span> <span class='ocrx_word' id='word_1_198' title='bbox 462 2260 571 2337; x_wconf 91' lang='lat' dir='ltr'><strong>minor,</strong></span> <span class='ocrx_word' id='word_1_199' title='bbox 598 2259 734 2320; x_wconf 90' lang='lat' dir='ltr'><strong>librarum</strong></span> <span class='ocrx_word' id='word_1_200' title='bbox 762 2259 970 2338; x_wconf 85' lang='lat' dir='ltr'><strong>septemdecim</strong></span> <span class='ocrx_word' id='word_1_201' title='bbox 996 2278 1030 2320; x_wconf 93' lang='lat' dir='ltr'><strong>ac</strong></span> <span class='ocrx_word' id='word_1_202' title='bbox 1053 2261 1139 2320; x_wconf 85' lang='lat' dir='ltr'><strong>vocis</strong></span> 
     </span>
     <span class='ocr_line' id='line_1_25' title="bbox 137 2343 1137 2421; baseline -0.002 -15"><span class='ocrx_word' id='word_1_203' title='bbox 137 2349 302 2407; x_wconf 90' lang='lat' dir='ltr'><strong>immensae.</strong></span> <span class='ocrx_word' id='word_1_204' title='bbox 343 2344 475 2421; x_wconf 85' lang='lat' dir='ltr'><strong>Quodam</strong></span> <span class='ocrx_word' id='word_1_205' title='bbox 494 2353 588 2405; x_wconf 89' lang='lat' dir='ltr'><strong>autem</strong></span> <span class='ocrx_word' id='word_1_206' title='bbox 609 2345 734 2404; x_wconf 91' lang='lat' dir='ltr'><strong>muneris</strong></span> <span class='ocrx_word' id='word_1_207' title='bbox 758 2344 804 2404; x_wconf 92' lang='lat' dir='ltr'><strong>die</strong></span> <span class='ocrx_word' id='word_1_208' title='bbox 819 2343 988 2405; x_wconf 88' lang='lat' dir='ltr'><strong>Parthorum</strong></span> <span class='ocrx_word' id='word_1_209' title='bbox 1005 2343 1137 2420; x_wconf 88' lang='lat' dir='ltr'><strong>obsides,</strong></span> 
     </span>
     <span class='ocr_line' id='line_1_26' title="bbox 136 2428 1178 2508; baseline -0.003 -18"><span class='ocrx_word' id='word_1_210' title='bbox 136 2439 205 2490; x_wconf 91' lang='lat' dir='ltr'><strong>tunc</strong></span> <span class='ocrx_word' id='word_1_211' title='bbox 221 2430 341 2508; x_wconf 89' lang='lat' dir='ltr'><strong>primum</strong></span> <span class='ocrx_word' id='word_1_212' title='bbox 355 2430 477 2506; x_wconf 90' lang='lat' dir='ltr'><strong>missos,</strong></span> <span class='ocrx_word' id='word_1_213' title='bbox 492 2446 546 2506; x_wconf 89' lang='lat' dir='ltr'><strong>per</strong></span> <span class='ocrx_word' id='word_1_214' title='bbox 560 2429 680 2488; x_wconf 90' lang='lat' dir='ltr'><strong>mediam</strong></span> <span class='ocrx_word' id='word_1_215' title='bbox 698 2446 814 2489; x_wconf 86' lang='lat' dir='ltr'><strong>arenam</strong></span> <span class='ocrx_word' id='word_1_216' title='bbox 829 2428 865 2489; x_wconf 87' lang='lat' dir='ltr'><strong>ad</strong></span> <span class='ocrx_word' id='word_1_217' title='bbox 882 2428 1079 2508; x_wconf 88' lang='lat' dir='ltr'><strong>spectaculum</strong></span> <span class='ocrx_word' id='word_1_218' title='bbox 1093 2430 1136 2487; x_wconf 94' lang='lat' dir='ltr'><strong>in·</strong></span> <span class='ocrx_word' id='word_1_219' title='bbox 1147 2443 1178 2487; x_wconf 74' lang='lat' dir='ltr'><strong>aa</strong></span> 
     </span>
     <span class='ocr_line' id='line_1_27' title="bbox 138 2509 1138 2591; baseline -0.001 -19"><span class='ocrx_word' id='word_1_220' title='bbox 138 2513 218 2572; x_wconf 85' lang='lat' dir='ltr'><strong>duxit</strong></span> <span class='ocrx_word' id='word_1_221' title='bbox 243 2530 390 2591; x_wconf 89' lang='lat' dir='ltr'><strong>superque</strong></span> <span class='ocrx_word' id='word_1_222' title='bbox 415 2531 448 2572; x_wconf 92' lang='lat' dir='ltr'><strong>se</strong></span> <span class='ocrx_word' id='word_1_223' title='bbox 473 2512 612 2573; x_wconf 90' lang='lat' dir='ltr'><strong>subsellio</strong></span> <span class='ocrx_word' id='word_1_224' title='bbox 639 2512 767 2573; x_wconf 89' lang='lat' dir='ltr'><strong>secundo</strong></span> <span class='ocrx_word' id='word_1_225' title='bbox 801 2513 965 2573; x_wconf 86' lang='lat' dir='ltr'><strong>collocavit.</strong></span> <span class='ocrx_word' id='word_1_226' title='bbox 1015 2509 1138 2573; x_wconf 87' lang='lat' dir='ltr'><strong>Solebat</strong></span> 
     </span>
     <span class='ocr_line' id='line_1_28' title="bbox 137 2595 1138 2677; baseline -0.002 -20"><span class='ocrx_word' id='word_1_227' title='bbox 137 2598 224 2658; x_wconf 92' lang='lat' dir='ltr'><strong>etiam</strong></span> <span class='ocrx_word' id='word_1_228' title='bbox 244 2595 315 2656; x_wconf 88' lang='lat' dir='ltr'><strong>citra</strong></span> <span class='ocrx_word' id='word_1_229' title='bbox 335 2595 568 2674; x_wconf 87' lang='lat' dir='ltr'><strong>spectaculorum</strong></span> <span class='ocrx_word' id='word_1_230' title='bbox 590 2595 670 2673; x_wconf 87' lang='lat' dir='ltr'><strong>dies,</strong></span> <span class='ocrx_word' id='word_1_231' title='bbox 693 2598 717 2656; x_wconf 93' lang='lat' dir='ltr'><strong>si</strong></span> <span class='ocrx_word' id='word_1_232' title='bbox 740 2597 854 2677; x_wconf 91' lang='lat' dir='ltr'><strong>quando</strong></span> <span class='ocrx_word' id='word_1_233' title='bbox 876 2597 944 2677; x_wconf 93' lang='lat' dir='ltr'><strong>quid</strong></span> <span class='ocrx_word' id='word_1_234' title='bbox 963 2597 1138 2657; x_wconf 84' lang='lat' dir='ltr'><strong>invisitatum</strong></span> 
     </span>
     <span class='ocr_line' id='line_1_29' title="bbox 138 2679 1137 2760; baseline -0.004 -18"><span class='ocrx_word' id='word_1_235' title='bbox 138 2683 312 2760; x_wconf 74' lang='lat' dir='ltr'><strong>dignumque</strong></span> <span class='ocrx_word' id='word_1_236' title='bbox 329 2680 445 2757; x_wconf 85' lang='lat' dir='ltr'><strong>cognitu</strong></span> <span class='ocrx_word' id='word_1_237' title='bbox 468 2679 618 2741; x_wconf 90' lang='lat' dir='ltr'><strong>advectum</strong></span> <span class='ocrx_word' id='word_1_238' title='bbox 639 2690 735 2759; x_wconf 88' lang='lat' dir='ltr'><strong>esset,</strong></span> <span class='ocrx_word' id='word_1_239' title='bbox 757 2681 785 2741; x_wconf 95' lang='lat' dir='ltr'><strong>id</strong></span> <span class='ocrx_word' id='word_1_240' title='bbox 807 2691 889 2741; x_wconf 87' lang='lat' dir='ltr'><strong>extra</strong></span> <span class='ocrx_word' id='word_1_241' title='bbox 913 2681 1043 2741; x_wconf 91' lang='lat' dir='ltr'><strong>ordinem</strong></span> <span class='ocrx_word' id='word_1_242' title='bbox 1065 2697 1137 2758; x_wconf 90' lang='lat' dir='ltr'><strong>quo·</strong></span> 
     </span>
     <span class='ocr_line' id='line_1_30' title="bbox 137 2762 1137 2844; baseline -0.003 -17"><span class='ocrx_word' id='word_1_243' title='bbox 137 2767 208 2827; x_wconf 88' lang='lat' dir='ltr'><strong>libet</strong></span> <span class='ocrx_word' id='word_1_244' title='bbox 224 2765 293 2826; x_wconf 91' lang='lat' dir='ltr'><strong>loco</strong></span> <span class='ocrx_word' id='word_1_245' title='bbox 311 2762 477 2844; x_wconf 89' lang='lat' dir='ltr'><strong>publicare:</strong></span> <span class='ocrx_word' id='word_1_246' title='bbox 497 2773 527 2824; x_wconf 91' lang='lat' dir='ltr'><strong>ut</strong></span> <span class='ocrx_word' id='word_1_247' title='bbox 540 2764 755 2826; x_wconf 90' lang='lat' dir='ltr'><strong>rhinocerotem</strong></span> <span class='ocrx_word' id='word_1_248' title='bbox 770 2765 846 2844; x_wconf 94' lang='lat' dir='ltr'><strong>apud</strong></span> <span class='ocrx_word' id='word_1_249' title='bbox 861 2766 967 2844; x_wconf 87' lang='lat' dir='ltr'><strong>Septa,</strong></span> <span class='ocrx_word' id='word_1_250' title='bbox 988 2765 1086 2843; x_wconf 76' lang='lat' dir='ltr'><strong>tigrbn</strong></span> <span class='ocrx_word' id='word_1_251' title='bbox 1107 2764 1137 2824; x_wconf 93' lang='lat' dir='ltr'><strong>in</strong></span> 
     </span>
     <span class='ocr_line' id='line_1_31' title="bbox 137 2849 1177 2928; baseline -0.001 -17"><span class='ocrx_word' id='word_1_252' title='bbox 137 2868 259 2928; x_wconf 87' lang='lat' dir='ltr'><strong>scaena,</strong></span> <span class='ocrx_word' id='word_1_253' title='bbox 274 2867 398 2927; x_wconf 81' lang='lat' dir='ltr'><strong>anguem</strong></span> <span class='ocrx_word' id='word_1_254' title='bbox 416 2849 621 2928; x_wconf 81' lang='lat' dir='ltr'><strong>quinquaginta</strong></span> <span class='ocrx_word' id='word_1_255' title='bbox 636 2849 795 2911; x_wconf 90' lang='lat' dir='ltr'><strong>cubitorum</strong></span> <span class='ocrx_word' id='word_1_256' title='bbox 811 2867 866 2928; x_wconf 93' lang='lat' dir='ltr'><strong>pro</strong></span> <span class='ocrx_word' id='word_1_257' title='bbox 885 2850 1010 2927; x_wconf 89' lang='lat' dir='ltr'><strong>comitio.</strong></span> <span class='ocrx_word' id='word_1_258' title='bbox 1146 2869 1177 2912; x_wconf 89' lang='lat' dir='ltr'><strong>ao</strong></span> 
     </span>
     <span class='ocr_line' id='line_1_32' title="bbox 199 2931 1139 3013; baseline 0 -19"><span class='ocrx_word' id='word_1_259' title='bbox 199 2933 314 2995; x_wconf 80' lang='lat' dir='ltr'><strong>Accidit</strong></span> <span class='ocrx_word' id='word_1_260' title='bbox 328 2934 434 2994; x_wconf 85' lang='lat' dir='ltr'><strong>votivis</strong></span> <span class='ocrx_word' id='word_1_261' title='bbox 446 2931 641 3013; x_wconf 82' lang='lat' dir='ltr'><strong>Circensibus,</strong></span> <span class='ocrx_word' id='word_1_262' title='bbox 656 2942 687 2994; x_wconf 92' lang='lat' dir='ltr'><strong>ut</strong></span> <span class='ocrx_word' id='word_1_263' title='bbox 699 2943 852 3012; x_wconf 88' lang='lat' dir='ltr'><strong>correptus</strong></span> <span class='ocrx_word' id='word_1_264' title='bbox 865 2934 1018 2994; x_wconf 87' lang='lat' dir='ltr'><strong>valitudine</strong></span> <span class='ocrx_word' id='word_1_265' title='bbox 1031 2932 1139 2994; x_wconf 86' lang='lat' dir='ltr'><strong>lectica</strong></span> 
     </span>
     <span class='ocr_line' id='line_1_33' title="bbox 137 3017 1138 3096; baseline -0.004 -16"><span class='ocrx_word' id='word_1_266' title='bbox 137 3019 246 3080; x_wconf 91' lang='lat' dir='ltr'><strong>cubans</strong></span> <span class='ocrx_word' id='word_1_267' title='bbox 261 3027 360 3079; x_wconf 91' lang='lat' dir='ltr'><strong>tensas</strong></span> <span class='ocrx_word' id='word_1_268' title='bbox 378 3017 549 3088; x_wconf 89' lang='lat' dir='ltr'><strong>deduceret;</strong></span> <span class='ocrx_word' id='word_1_269' title='bbox 573 3037 672 3080; x_wconf 88' lang='lat' dir='ltr'><strong>rursus</strong></span> <span class='ocrx_word' id='word_1_270' title='bbox 687 3019 890 3080; x_wconf 89' lang='lat' dir='ltr'><strong>commissione</strong></span> <span class='ocrx_word' id='word_1_271' title='bbox 906 3018 1055 3095; x_wconf 89' lang='lat' dir='ltr'><strong>ludorum,</strong></span> <span class='ocrx_word' id='word_1_272' title='bbox 1074 3017 1138 3096; x_wconf 90' lang='lat' dir='ltr'><strong>qni·</strong></span> 
     </span>
     <span class='ocr_line' id='line_1_34' title="bbox 137 3101 1138 3181; baseline -0.002 -19"><span class='ocrx_word' id='word_1_273' title='bbox 137 3104 190 3163; x_wconf 93' lang='lat' dir='ltr'><strong>bus</strong></span> <span class='ocrx_word' id='word_1_274' title='bbox 205 3103 346 3164; x_wconf 87' lang='lat' dir='ltr'><strong>theatrum</strong></span> <span class='ocrx_word' id='word_1_275' title='bbox 359 3102 491 3164; x_wconf 84' lang='lat' dir='ltr'><strong>blancelli</strong></span> <span class='ocrx_word' id='word_1_276' title='bbox 511 3103 676 3181; x_wconf 86' lang='lat' dir='ltr'><strong>dedicabat,</strong></span> <span class='ocrx_word' id='word_1_277' title='bbox 698 3103 796 3162; x_wconf 84' lang='lat' dir='ltr'><strong>evenit</strong></span> <span class='ocrx_word' id='word_1_278' title='bbox 815 3111 845 3162; x_wconf 92' lang='lat' dir='ltr'><strong>ut</strong></span> <span class='ocrx_word' id='word_1_279' title='bbox 860 3103 965 3163; x_wconf 85' lang='lat' dir='ltr'><strong>laxatis</strong></span> <span class='ocrx_word' id='word_1_280' title='bbox 979 3101 1071 3162; x_wconf 89' lang='lat' dir='ltr'><strong>sellae</strong></span> <span class='ocrx_word' id='word_1_281' title='bbox 1088 3119 1138 3160; x_wconf 90' lang='lat' dir='ltr'><strong>cu·</strong></span> 
     </span>
     <span class='ocr_line' id='line_1_35' title="bbox 136 3186 1139 3267; baseline 0 -22"><span class='ocrx_word' id='word_1_282' title='bbox 136 3186 207 3246; x_wconf 92' lang='lat' dir='ltr'><strong>rulis</strong></span> <span class='ocrx_word' id='word_1_283' title='bbox 222 3188 412 3267; x_wconf 75' lang='lat' dir='ltr'><strong>compagibus</strong></span> <span class='ocrx_word' id='word_1_284' title='bbox 428 3188 545 3248; x_wconf 89' lang='lat' dir='ltr'><strong>caderet</strong></span> <span class='ocrx_word' id='word_1_285' title='bbox 559 3189 687 3267; x_wconf 89' lang='lat' dir='ltr'><strong>supinus.</strong></span> <span class='ocrx_word' id='word_1_286' title='bbox 721 3186 867 3265; x_wconf 88' lang='lat' dir='ltr'><strong>Nepotnm</strong></span> <span class='ocrx_word' id='word_1_287' title='bbox 883 3205 1001 3266; x_wconf 88' lang='lat' dir='ltr'><strong>quoqne</strong></span> <span class='ocrx_word' id='word_1_288' title='bbox 1020 3202 1139 3247; x_wconf 90' lang='lat' dir='ltr'><strong>suorum</strong></span> 
     </span>
     <span class='ocr_line' id='line_1_36' title="bbox 136 3271 1177 3351; baseline 0.007 -22"><span class='ocrx_word' id='word_1_289' title='bbox 136 3287 254 3329; x_wconf 90' lang='lat' dir='ltr'><strong>munere</strong></span> <span class='ocrx_word' id='word_1_290' title='bbox 275 3287 337 3331; x_wconf 90' lang='lat' dir='ltr'><strong>cum</strong></span> <span class='ocrx_word' id='word_1_291' title='bbox 363 3281 575 3334; x_wconf 88' lang='lat' dir='ltr'><strong>consternatum</strong></span> <span class='ocrx_word' id='word_1_292' title='bbox 596 3272 695 3332; x_wconf 89' lang='lat' dir='ltr'><strong>ruinae</strong></span> <span class='ocrx_word' id='word_1_293' title='bbox 713 3279 789 3331; x_wconf 88' lang='lat' dir='ltr'><strong>metu</strong></span> <span class='ocrx_word' id='word_1_294' title='bbox 807 3271 946 3351; x_wconf 93' lang='lat' dir='ltr'><strong>populum</strong></span> <span class='ocrx_word' id='word_1_295' title='bbox 964 3271 1092 3332; x_wconf 89' lang='lat' dir='ltr'><strong>retinere</strong></span> <span class='ocrx_word' id='word_1_296' title='bbox 1106 3277 1177 3336; x_wconf 80' lang='lat' dir='ltr'><strong>etas</strong></span> 
     </span>
     <span class='ocr_line' id='line_1_37' title="bbox 139 3353 1139 3434; baseline 0.001 -22"><span class='ocrx_word' id='word_1_297' title='bbox 139 3353 311 3412; x_wconf 82' lang='lat' dir='ltr'><strong>confirmare</strong></span> <span class='ocrx_word' id='word_1_298' title='bbox 331 3355 409 3415; x_wconf 92' lang='lat' dir='ltr'><strong>nullo</strong></span> <span class='ocrx_word' id='word_1_299' title='bbox 434 3355 520 3416; x_wconf 94' lang='lat' dir='ltr'><strong>modo</strong></span> <span class='ocrx_word' id='word_1_300' title='bbox 539 3363 656 3434; x_wconf 90' lang='lat' dir='ltr'><strong>posset,</strong></span> <span class='ocrx_word' id='word_1_301' title='bbox 678 3355 789 3414; x_wconf 90' lang='lat' dir='ltr'><strong>transiit</strong></span> <span class='ocrx_word' id='word_1_302' title='bbox 811 3374 828 3415; x_wconf 95' lang='lat' dir='ltr'><strong>e</strong></span> <span class='ocrx_word' id='word_1_303' title='bbox 850 3356 919 3416; x_wconf 92' lang='lat' dir='ltr'><strong>loco</strong></span> <span class='ocrx_word' id='word_1_304' title='bbox 940 3373 992 3415; x_wconf 91' lang='lat' dir='ltr'><strong>suo</strong></span> <span class='ocrx_word' id='word_1_305' title='bbox 1007 3364 1093 3433; x_wconf 91' lang='lat' dir='ltr'><strong>atque</strong></span> <span class='ocrx_word' id='word_1_306' title='bbox 1107 3354 1139 3413; x_wconf 88' lang='lat' dir='ltr'><strong>in</strong></span> 
     </span>
     <span class='ocr_line' id='line_1_38' title="bbox 139 3437 899 3516; baseline 0.003 -21"><span class='ocrx_word' id='word_1_307' title='bbox 139 3455 173 3495; x_wconf 88' lang='lat' dir='ltr'><strong>sa</strong></span> <span class='ocrx_word' id='word_1_308' title='bbox 190 3442 273 3510; x_wconf 88' lang='lat' dir='ltr'><strong>parte</strong></span> <span class='ocrx_word' id='word_1_309' title='bbox 289 3437 433 3514; x_wconf 88' lang='lat' dir='ltr'><strong>consedit,</strong></span> <span class='ocrx_word' id='word_1_310' title='bbox 452 3457 526 3516; x_wconf 90' lang='lat' dir='ltr'><strong>quae</strong></span> <span class='ocrx_word' id='word_1_311' title='bbox 542 3446 679 3516; x_wconf 89' lang='lat' dir='ltr'><strong>suspecta</strong></span> <span class='ocrx_word' id='word_1_312' title='bbox 692 3439 814 3498; x_wconf 86' lang='lat' dir='ltr'><strong>maxime</strong></span> <span class='ocrx_word' id='word_1_313' title='bbox 828 3448 899 3498; x_wconf 88' lang='lat' dir='ltr'><strong>erat.</strong></span> 
     </span>
     <span class='ocr_line' id='line_1_39' title="bbox 96 3516 1142 3596; baseline 0.004 -18"><span class='ocrx_word' id='word_1_314' title='bbox 96 3526 130 3578; x_wconf 69' lang='lat' dir='ltr'><strong>aa</strong></span> <span class='ocrx_word' id='word_1_315' title='bbox 203 3516 361 3596; x_wconf 87' lang='lat' dir='ltr'><strong>Spectandi</strong></span> <span class='ocrx_word' id='word_1_316' title='bbox 377 3522 605 3580; x_wconf 75' lang='lat' dir='ltr'><strong>confusissimum</strong></span> <span class='ocrx_word' id='word_1_317' title='bbox 621 3538 655 3580; x_wconf 93' lang='lat' dir='ltr'><strong>ac</strong></span> <span class='ocrx_word' id='word_1_318' title='bbox 671 3521 874 3581; x_wconf 91' lang='lat' dir='ltr'><strong>solutissimum</strong></span> <span class='ocrx_word' id='word_1_319' title='bbox 887 3539 996 3581; x_wconf 88' lang='lat' dir='ltr'><strong>morem</strong></span> <span class='ocrx_word' id='word_1_320' title='bbox 1011 3521 1142 3582; x_wconf 88' lang='lat' dir='ltr'><strong>correxit</strong></span> 
     </span>
    </p>
   </div>
   <div class='ocr_carea' id='block_1_4' title="bbox 0 0 1238 3912">
    <p class='ocr_par' dir='ltr' id='par_1_4' title="bbox 0 0 1238 3912">
     <span class='ocr_line' id='line_1_40' title="bbox 0 0 1238 3912; baseline 0 0"><span class='ocrx_word' id='word_1_321' title='bbox 0 0 1238 3912; x_wconf 95' lang='lat' dir='ltr'><strong> </strong></span> 
     </span>
    </p>
   </div>
  </div>
 </body>
</html>
