2434 3908
362 325 365 334 Ι
458 267 663 316 rnnnrnrro.
882 271 1005 319 xxxvii

106 427 236 496 debatur,
254 433 366 483 secutus
383 444 441 482 sum
460 443 484 482 e.
501 445 543 498 gr.
561 427 589 481 in
611 427 768 484 scribendis
786 428 899 485 Graecis
918 447 1003 486 voca-

21 563 26 588 ,
106 511 174 568 bulis
191 509 292 566 litteris
308 513 353 566 rel
372 510 486 566 Graecis
504 511 549 566 rel
564 506 718 584 latinis²⁶).

161 595 256 650 Restat
282 600 311 649 ut
336 594 522 651 adnotationis
551 594 665 650 criticae
694 595 828 652 rationem
856 613 1001 669 exponam.
1025 585 1146 672 Αιιῃᾷιιιίο

105 677 234 734 Brevitati
251 684 280 732 ut
296 679 486 747 consulerem,
506 694 597 733 earum
613 684 715 734 tantum
736 680 885 736 lectionum
908 688 1003 740 aucto·
1042 665 1124 704 ‘'¹¹¹⁰''

104 761 199 817 ritates
215 762 350 833 apposui,
375 777 446 833 quae
465 763 511 818 vel
529 778 564 817 ex
586 761 666 817 libris
686 764 823 818 correctis
839 765 884 819 rel
902 781 937 820 cx
952 767 1002 822 do-

104 851 208 902 ctorum
225 845 363 901 bominum
379 845 540 902 coniectura
560 853 690 918 receptae
707 853 776 901 sunt.
824 847 901 903 Sciat
916 849 1003 919 igitur

103 930 192 986 lector
208 930 302 984 barum
317 945 407 985 rerum
424 929 581 998 studiosus,
605 931 651 984 ubi
666 929 734 986 nibil
751 931 908 988 adnotatum
924 932 1004 989 inve-

103 1013 190 1084 nerit,
210 1011 397 1069 llemmianum
423 1012 531 1070 aliosve
547 1019 657 1070 veteres
679 1029 712 1070 ac
729 1014 818 1070 bonos
841 1016 930 1072 libros
953 1033 1003 1073 no-

103 1097 208 1153 biscnm
226 1097 399 1162 consentirc;
419 1096 465 1153 ubi
488 1096 508 1153 ii
524 1095 619 1153 vitiosi
645 1113 756 1154 esseae
774 1099 936 1156 necessario
954 1101 1003 1156 de-

103 1180 215 1237 serendi
223 1181 397 1250 videbantur,
405 1179 562 1236 nominatim
575 1179 669 1236 afferri
676 1181 721 1237 vel
734 1180 860 1238 codicum
870 1199 945 1239 saec.
954 1183 1004 1240 XV
1064 1187 1065 1192 ’

103 1265 148 1321 vel
169 1264 340 1336 grammatici
363 1264 480 1320 alicuius
503 1264 669 1337 posterioris
691 1264 919 1321 emendationem.
963 1267 1003 1322 lta

21 1387 23 1402 .
103 1351 215 1405 brevem
229 1350 363 1420 quendam
377 1347 525 1404 universae
540 1349 580 1404 rei
594 1347 709 1405 criticae
724 1355 901 1422 conspectum
917 1350 1004 1406 babe-

105 1433 144 1488 bit
160 1439 188 1488 et
204 1449 258 1488 non
273 1432 361 1488 minus
377 1433 411 1489 de
426 1431 560 1489 librorum
574 1431 698 1488 bonitate
714 1449 793 1505 quam
810 1434 844 1489 tle
861 1433 1005 1490 doctorum

105 1515 243 1572 hominum
259 1533 310 1590 per
325 1523 454 1588 quattuor
472 1517 531 1572 iera
547 1517 659 1573 saecula
675 1516 782 1574 maritis
801 1516 925 1573 iudicare
940 1525 1004 1590 pot-

104 1600 166 1656 erit.
210 1599 253 1656 Ab
274 1601 327 1657 hac
345 1607 435 1656 tamen
460 1599 661 1657 consuetudine
682 1617 880 1673 nonnumquam
897 1602 924 1657 in
939 1620 1005 1675 par-

103 1691 158 1740 tem
175 1690 205 1739 ut
219 1700 302 1756 spero
316 1685 453 1758 potiorem
468 1683 605 1754 discessi,
627 1683 665 1741 ita
680 1691 709 1739 ut
725 1691 753 1740 et
767 1686 901 1741 bonorum
917 1687 1004 1743 libro-

103 1785 165 1823 rum
182 1783 260 1837 quam
275 1774 385 1824 secutus
403 1785 477 1825 eram
495 1767 686 1825 auctoritatem
708 1769 875 1841 appellarem
894 1776 921 1824 et
938 1787 1004 1826 con-

103 1851 239 1906 iecturam
254 1851 392 1922 ingeniosi
411 1852 502 1908 critici
518 1852 657 1908 nonsatis
673 1859 777 1908 certam
798 1869 849 1910 nec
865 1862 1004 1926 receptam

104 1949 356 1991 commemorarem.

166 2023 248 2088 4,1t
269 2020 459 2091 triumphalem
482 2018 571 2075 Vatia.
591 2017 695 2073 Mamm.
719 2020 779 2075 lled
789 2027 815 2079 3.
836 2037 887 2092 pro
909 2024 1005 2077 triam·

98 2103 212 2176 pbalem
225 2105 321 2174 ciram,
337 2104 388 2160 eir.
409 2109 476 2173 187,
490 2109 515 2162 9.
534 2108 596 2171 238,
612 2107 637 2161 6.
660 2108 727 2174 248,
743 2108 760 2161 4
778 2096 783 2180 Ι
802 2109 836 2163 23
852 2105 1007 2176 aequatione

102 2187 220 2245 Ursinus
235 2179 249 2264 ΙΙ
264 2195 295 2255 5,
311 2193 329 2246 4
348 2194 374 2242 et
387 2189 416 2242 im
433 2186 612 2243 Casaubonus
633 2202 683 2257 pro
700 2178 868 2266 staticuli,
889 2193 922 2247 16
942 2188 1005 2242 Am-

102 2273 205 2328 bracus
225 2269 439 2343 Oudendorpius
460 2262 474 2349 ΙΙ
494 2276 527 2340 8,
554 2277 570 2328 5
603 2269 836 2326 adminutrattona
859 2272 1004 2327 codltasil.

102 2357 173 2413 Edd.
202 2354 236 2411 ab
263 2355 497 2411 administratione
522 2353 574 2410 cod
588 2352 664 2408 Cart.
693 2353 814 2413 Guelll.
835 2361 861 2413 2.
892 2357 992 2413 lternl

102 2455 155 2513 pro
190 2439 225 2495 ab
255 2441 451 2496 ministratione
492 2437 497 2510 Ι
532 2443 565 2497 19
603 2437 685 2494 Vettio
723 2439 820 2494 Iudice
851 2439 995 2496 Lambinus

21 2513 23 2539 ¹
102 2518 220 2581 Uisinua
249 2513 256 2601 Ι
284 2529 318 2584 32
342 2528 511 2580 ornarentur
531 2520 674 2578 Lambinus
697 2539 749 2596 pro
774 2524 970 2579 ordinarentur
993 2516 1006 2601 ΙΙ

103 2617 155 2678 10,
170 2615 187 2668 3
201 2609 240 2664 aa
258 2610 351 2680 cipinti
365 2601 545 2664 casaubonus
561 2622 613 2678 pro
636 2623 671 2661 aa
685 2608 777 2678 captati
793 2599 798 2684 Ι
818 2614 850 2666 15
870 2608 1007 2662 inductam

101 2693 290 2764 quendampr.
301 2691 412 2749 Guelil.
426 2690 534 2746 induxit
542 2689 706 2762 Stephanus.
721 2691 830 2748 maurit
841 2690 953 2746 Vettium
956 2709 1006 2762 pr.

102 2775 231 2836 Ursinus.
253 2777 420 2831 subarrasse
433 2775 571 2830 inductam
584 2790 630 2844 pr.
647 2774 868 2848 Oudendorpius.
892 2775 1007 2829 indicem

100 2860 264 2916 subornarit
282 2859 395 2916 Vettium
415 2859 553 2914 inductam
576 2873 622 2928 pr.
641 2875 695 2930 ego
714 2851 719 2936 Ι
739 2865 774 2918 30
789 2860 873 2914 cuivis
889 2875 931 2899 ·-
949 2858 1005 2913 itio-

101 3063 173 3110 bene.
198 3058 338 3109 Addendus
350 3066 388 3108 est
398 3057 567 3120 Hrascypatis
578 3054 663 3103 Tmax
676 3069 702 3119 p.
714 3053 771 3114 102,
782 3051 816 3104 30
828 3065 903 3116 quem
913 3049 1005 3100 librarii

100 3130 130 3178 in
143 3127 331 3193 Ybraacypolim
342 3132 516 3192 corruperunt.
543 3123 665 3173 Varronis
681 3123 703 3172 is
720 3136 775 3171 mos
790 3119 838 3170 init
854 3119 929 3169 etiam
944 3119 1006 3170 alias

101 3197 268 3258 observatus,
285 3195 332 3246 alr.
354 3195 479 3246 cornutus
494 3208 521 3259 p.
539 3191 607 3242 2285
623 3191 652 3240 P.
669 3189 813 3240 Priscianus
832 3189 853 3252 l,
869 3187 894 3249 5,
914 3186 956 3237 25.

175 3262 222 3328 26)
233 3263 274 3314 Sic
287 3264 346 3314 dedi
355 3265 509 3328 acrentinam
527 3261 717 3324 Aprapcpolimr
736 3259 870 3314 dialectum·
879 3257 962 3307 araas
972 3283 1005 3292 ——

99 3336 259 3391 balneares,-
274 3331 442 3398 Tyrrhenicon
445 3349 456 3389 ;
467 3329 696 3384 Carchedoniaeom
709 3325 910 3381 Hecatebeletes;
924 3325 1007 3375 Hala-

98 3407 143 3455 εἰη
163 3403 220 3456 Ilii:
236 3409 348 3460 eataata,·
365 3403 506 3466 clinopalen
523 3406 548 3446 at
564 3395 663 3448 similia.
702 3395 754 3444 Hac
771 3408 869 3458 quoque
888 3395 914 3444 in
930 3410 957 3444 re
973 3391 1006 3443 ad

21 3465 23 3482 “
98 3479 220 3523 vetustos
234 3471 313 3522 libros
327 3470 485 3520 redeundum
494 3467 618 3525 existimo,
632 3479 689 3514 nam
700 3463 766 3529 apud
778 3470 885 3524 veteres,
897 3470 924 3512 ut
938 3461 1007 3526 apud

100 3552 151 3592 aas
158 3539 364 3590 inimmisoendis
374 3537 501 3588 vocabulis
509 3534 618 3594 Gallicis,
630 3533 672 3583 alii
679 3533 750 3582 aliter
756 3529 839 3582 iacere
846 3537 1007 3582 consuerant.
