2392 3926
224 210 500 259 onrmnnrnonura
520 210 701 258 ammomum
721 210 920 269 nunromnn.
1007 196 1069 258 313

74 367 296 446 hypocorisma,
328 368 408 444 quasi
430 367 603 433 sacrarium;
626 365 721 424 lanum
743 364 842 425 Fauno
869 368 934 443 regi
965 365 1071 425 dictum

73 451 123 510 vel
143 467 160 510 a
175 450 280 526 fando,
302 458 332 509 ut
345 450 386 508 illi
401 451 448 528 qui
463 450 556 509 lutura
570 448 702 507 videntur
719 467 825 509 canere
840 450 957 509 fanatici
971 450 1070 510 dicun-

73 545 134 603 tur;
150 534 264 609 adytum
279 534 378 611 templi
395 535 517 594 interior
534 534 626 610 locus,
641 550 698 612 qno
714 534 783 592 nulli
799 535 843 594 las
858 534 911 594 fuit
927 533 1071 595 accedere

72 621 128 678 nisi
144 619 297 679 sacerdoti.

44 722 59 761 s
135 701 245 762 Arbitri
267 721 303 762 an
323 702 443 781 arbitrii]
461 721 525 762 cum
546 703 582 763 de
605 701 713 762 arbitro
734 700 890 780 loquimur,
911 703 1010 763 arbitri
1030 701 1070 762 di·

74 790 164 848 cimus
179 805 247 864 gen.
265 804 350 863 casu,
369 805 431 846 cum
446 786 482 846 de
495 787 614 847 arbitrio
629 785 748 846 arbitrii.

134 870 307 949 Pomerium]
323 870 418 930 Locus
439 871 514 950 apud
532 873 663 950 antiquos
686 871 792 930 circum
806 887 904 929 muros
925 872 1069 949 relinque·

72 956 167 1032 batur,
184 973 243 1015 non
256 955 385 1031 interius,
400 973 437 1013 ne
451 957 621 1033 iungeretur
637 953 793 1032 aediliciis3
811 954 862 1014 sed
878 963 908 1014 ut
924 965 1003 1015 esset
1017 956 1069 1015 ali·

71 1039 141 1120 quid
157 1040 241 1100 vacui
257 1038 293 1099 ad
307 1039 488 1100 instruendas
499 1043 589 1116 acies,
602 1047 683 1098 extra
695 1055 792 1099 muros
805 1038 911 1117 aliquid
925 1038 1069 1118 relinque-

32 1125 167 1184 robatur.
195 1123 277 1184 Hunc
294 1123 389 1183 locum
404 1123 590 1202 appellabant
601 1124 760 1203 pomerium
770 1121 859 1182 veluti
872 1126 1068 1202 postmerium,

72 1225 109 1267 eo
126 1208 203 1287 quod
220 1215 299 1267 esset
315 1216 384 1286 post
395 1225 513 1267 murum.

134 1303 229 1367 Garrit
253 1305 380 1383 loquitur
407 1313 435 1364 et
457 1305 538 1384 dicit]
556 1306 667 1382 garrire
684 1305 743 1363 vitii
761 1313 819 1379 est,
838 1303 919 1383 loqui
939 1313 1069 1383 naturae,

72 1389 174 1450 dicere
187 1389 236 1450 rel
253 1389 406 1449 facundiae
425 1398 471 1448 est
486 1389 535 1447 vel
550 1388 701 1448 indicantis
717 1397 764 1448 aut
781 1389 964 1448 criminantis.

133 1486 213 1547 Inter
228 1495 435 1564 praegnantem
450 1495 479 1545 ει
501 1486 666 1563 grauidam,
683 1487 835 1546 incientem
851 1495 880 1545 et
899 1485 986 1546 ictam
1002 1487 1069 1564 quid

31 1591 60 1634 rs
71 1581 118 1632 est
131 1570 217 1649 inter]
235 1588 400 1649 praegnans
419 1587 568 1630 commune
583 1571 744 1631 animalium
759 1579 819 1648 est,
844 1569 964 1648 gravida
978 1570 1067 1631 horni-

71 1673 152 1732 num,
170 1656 282 1714 inciens
298 1656 326 1713 in
349 1664 446 1733 partu,
461 1655 520 1715 leta
541 1664 608 1733 post
624 1665 744 1734 partum.

132 1754 211 1815 Inter
232 1755 320 1815 laniat
341 1755 452 1816 lacerat
474 1757 597 1816 lancinat
617 1765 646 1816 et
668 1756 783 1835 scindit}
798 1756 908 1816 lacerat
930 1755 1067 1833 membra,

70 1839 147 1898 unde
166 1839 250 1899 ctiam
265 1839 401 1900 lacernae
418 1850 532 1916 vestes,
549 1840 627 1919 qnod
642 1851 706 1900 sunt
724 1848 850 1900 extrema
867 1843 910 1900 sui
929 1849 1012 1919 parte
1027 1841 1068 1900 la·

71 1931 203 1990 camme:
225 1923 311 1984 laniat
327 1926 374 2002 qui
395 1923 521 1984 membra
543 1926 571 1983 in
596 1926 729 2004 proprias
749 1924 848 1984 dividit
863 1933 979 2004 partes,
1001 1925 1068 1985 inde

31 2031 59 2072 ao
70 2007 163 2067 lanius
179 2007 299 2084 dicitnr,
316 2010 401 2068 etiam
416 2008 503 2068 laniat
518 2010 652 2086 capillos.
686 2007 806 2083 Quidam
824 2017 994 2088 putaverunt
1008 2009 1068 2068 lan-

70 2093 128 2152 ciat
142 2100 264 2167 vestem,
278 2094 359 2170 quasi
374 2092 573 2171 laniciatquod
584 2093 620 2153 ab
633 2092 874 2161 laniciisdicatnr;
891 2092 939 2152 alii
954 2092 1069 2153 laniciat

70 2176 167 2255 quoad
182 2175 362 2254 lanuginem,
380 2176 457 2255 quod
473 2195 511 2236 ex
526 2177 591 2237 lana
606 2179 643 2237 sit
659 2177 832 2237 conlectum.

133 2259 213 2320 lnter
228 2260 410 2339 amplectitur
430 2270 459 2321 et
481 2261 672 2340 amplexatur]
689 2260 870 2338 amplectitur
890 2260 991 2338 semel,
1011 2278 1067 2320 am·

70 2343 205 2422 plexatnr
220 2346 347 2424 saepius.

31 2464 59 2505 aa
134 2442 198 2503 Nec
212 2444 291 2504 licite
307 2445 422 2505 latinum
444 2454 490 2505 εει
505 2463 561 2505 nec
581 2445 703 2509 licitate:
727 2442 797 2504 nibil
817 2453 862 2503 est
879 2442 976 2520 licito,
1001 2446 1068 2525 quia

69 2529 186 2587 omnino
202 2544 259 2588 non
274 2528 385 2589 dicitur.
430 2528 526 2589 Debet
547 2546 621 2607 ergo
637 2529 694 2588 dici
711 2528 838 2608 [iniliciti
854 2538 884 2588 et
899 2529 1067 2608 {inllicitati

70 2611 150 2690 [quia
172 2621 217 2671 est
237 2621 266 2670 et
286 2612 422 2690 inlicere,
445 2613 604 2674 insidiando
627 2614 655 2672 in
674 2612 702 2672 id
720 2614 796 2694 quod
811 2613 885 2673 velis
908 2612 1066 2694 deducere}

68 2711 142 2772 ergo
161 2695 287 2774 {inlliciti
308 2715 403 2756 sumus
419 2697 525 2775 semel,
542 2697 696 2777 [inllicitati
709 2698 836 2776 saepius.
881 2696 1001 2773 Quidam
1017 2716 1067 2777 pu·

69 2787 202 2838 taverunt
218 2779 276 2839 boc
291 2779 347 2840 dici
368 2781 527 2842 licitatores
548 2791 696 2862 emptores
711 2783 810 2859 fictos,
834 2781 863 2841 id
886 2791 931 2841 est
947 2783 995 2860 qui
1010 2798 1067 2842 non

31 2871 169 3006 capescat
191 2866 330 2941 empturi,
353 2864 404 2924 sed
429 2864 549 2926 adiectis
570 2867 670 2945 pretiis
695 2885 748 2945 per
770 2865 900 2926 fraudem
920 2874 1068 2944 emptores

89 2947 249 3025 cciperent.

130 3043 209 3105 Inter
225 3046 364 3125 praelium
388 3047 495 3108 bellum
516 3057 642 3127 pugnam
663 3057 693 3108 et
712 3049 814 3128 rixam}
841 3048 982 3126 praelium
1008 3057 1065 3108 tur·

69 3145 132 3188 mae
147 3137 176 3188 et
191 3133 354 3209 exercitus,
374 3131 479 3192 dictum
495 3150 512 3192 a
526 3132 610 3210 prole
625 3133 771 3202 iuvenum
790 3133 896 3213 (quare
913 3150 987 3211 ergo
1004 3132 1066 3210 gla-

69 3211 195 3273 diatores
220 3214 339 3275 dicimus
360 3215 435 3276 bene
451 3214 632 3296 praeliatas?
654 3217 720 3295 quia
742 3216 827 3276 ctiam
846 3217 953 3276 noxiae
969 3216 1066 3277 virtuti

34 3296 219 3356 inhonestius
240 3316 344 3360 nomen
367 3300 545 3379 inponimus)
567 3299 674 3360 bellum
694 3319 748 3380 per
771 3300 918 3361 antifrasim
934 3301 1064 3379 dicimus,

69 3380 145 3458 quod
160 3383 274 3443 minime
290 3387 328 3443 sit
348 3384 455 3445 bellum
473 3393 502 3444 ει
519 3384 606 3444 multa
620 3383 726 3445 habeat
741 3385 867 3465 praelim
888 3403 986 3465 pugna
1003 3403 1065 3446 cer·

67 3471 162 3524 tamen
178 3475 223 3524 εει
244 3469 272 3530 ὁ.
288 3486 346 3528 unu
366 3468 501 3539 duorum;
523 3470 586 3530 rixa
603 3468 738 3530 humilius
752 3479 782 3531 et
796 3469 945 3532 seditionis
962 3479 1016 3530 est.
