2434 3908
181 208 240 260 ΙΝΙ
439 209 441 214 '
524 209 725 256 PRAEFATIO.

189 369 319 428 66666116
341 369 560 442 typographica,
580 369 755 440 intelligitur.
801 369 867 424 Tum
889 369 1090 430 61161661166

190 452 313 510 editione
328 470 354 508 6.
372 457 448 522 1478,
470 469 540 525 quae
551 461 674 510 veterum
685 453 805 509 omnium
819 454 904 524 ionga
917 454 1020 526 optimu
1033 462 1090 528 est,

188 536 356 594 lectionibus
377 537 463 592 ienme
480 537 592 595 GCLXX
610 537 733 610 neosptis
748 537 862 592 totidem
882 536 942 592 1616
959 541 1089 596 emendu-

189 620 281 676 tiones
296 620 452 677 intulerunt.
498 623 553 678 Sed
568 640 603 678 ne
617 623 752 678 Incertam
767 621 877 692 quidem
892 623 1089 695 neglexerunt,

189 703 302 763 61161161
313 703 388 761 XXV
396 703 476 775 iouis,
492 713 521 761 61
535 724 562 778 p.
570 713 632 777 260,
651 712 686 764 22
700 708 811 776 1666111
828 721 855 777 p.
871 709 932 774 266,
948 711 963 766 7
981 710 1090 778 quood,-

190 805 216 862 p.
235 793 295 859 269,
310 795 352 846 21.
367 795 402 848 28
417 790 527 844 adiectis
541 797 569 846 61
582 791 683 864 infutis
704 806 731 862 p.
746 793 808 858 271,
823 796 857 847 10
870 796 986 862 actaque
999 794 1036 846 ita
1053 793 1090 848 66

189 872 265 928 illam
285 873 434 929 editionem
448 874 509 930 sive
529 877 622 945 potius
645 873 838 931 Beroaldiuam
859 872 920 928 6166
941 875 1088 945 repetitio-

191 972 252 1012 nem
266 958 387 1023 refiotis;
403 958 565 1015 Beroaldum
585 960 657 1014 enim
672 957 880 1013 emendationes
892 959 1043 1030 quaedam,
1059 965 1091 1015 ut

189 1057 218 1104 6.
234 1047 302 1111 258,
319 1047 335 1101 6
351 1042 557 1104 Praeconinus;
577 1060 605 1111 p.
620 1048 688 1108 266,
704 1049 738 1100 311
746 1043 951 1112 praesumente,
968 1043 1092 1109 prodero

191 1129 326 1183 videntur.
371 1126 420 1183 liis
446 1126 470 1182 si
497 1126 637 1182 addideris
653 1141 740 1198 puuoa
766 1140 816 1181 suo
833 1125 950 1182 61611116
972 1127 1091 1183 666161.

191 1217 288 1281 611616,
303 1217 332 1265 61
347 1211 463 1267 6166616
480 1209 728 1266 11116116666611616
745 1208 851 1265 1116666
866 1209 989 1281 soriptn,
1008 1211 1092 1266 8166-

189 1295 369 1351 1661616666
386 1313 413 1367 p.
429 1301 496 1366 263,
515 1300 549 1352 25
565 1310 625 1365 sqq.
641 1312 657 1348 6
673 1294 809 1349 61661666
823 1294 990 1365 suppletum,
1005 1311 1090 1368 prue-

191 1394 289 1435 uomeu
311 1378 334 1444 Q
351 1395 402 1450 pro
420 1379 451 1432 M
472 1396 500 1451 p.
516 1385 583 1448 258,
607 1385 623 1438 9
645 1383 817 1447 correctum,
840 1380 867 1432 in
890 1394 917 1450 p.
935 1383 1042 1449 257,17
1061 1383 1092 1434 61

191 1465 240 1518 etsi
253 1480 280 1535 p.
290 1468 352 1531 265,
370 1469 402 1522 19
418 1463 550 1530 additum,
564 1461 683 1517 deletum
697 1478 725 1534 p.
738 1466 800 1531 261,
815 1467 848 1520 25
866 1469 1024 1534 surruptum
1038 1477 1090 1519 vo-

192 1546 318 1602 66661616
334 1540 570 1616 (661616,6α166,
593 1541 762 1617 nominatus)
782 1551 810 1600 et
829 1561 855 1616 p.
870 1550 938 1616 266,
962 1551 994 1606 27
1010 1561 1090 1603 vero:

193 1645 299 1685 omnem
320 1629 448 1685 Aldinam
466 1629 615 1685 editionem
637 1630 801 1702 explicatam
823 1637 851 1684 et
871 1630 951 1702 quasi
975 1631 1004 1687 in
1027 1633 1093 1688 luoo

192 1712 311 1786 positam
329 1713 455 1768 habebis.
500 1713 613 1770 Restant
635 1721 740 1784 tumen,
765 1729 819 1769 non
842 1721 884 1770 ost
906 1715 1091 1772 6616166166-

193 1798 271 1868 dum,
288 1797 370 1854 etium
389 1814 460 1852 nuno
476 1797 594 1854 obseura
608 1799 693 1855 haee:
710 1803 834 1853 oratores
850 1799 971 1854 additum
989 1816 1016 1872 p.
1029 1803 1092 1870 257,

192 1886 226 1949 β’,
251 1881 337 1937 Sutrii
355 1899 381 1954 p.
406 1887 472 1951 264,
494 1887 527 1940 14
544 1890 572 1938 61
596 1883 706 1954 quidum
732 1899 760 1954 p.
785 1887 854 1952 269,
882 1888 916 1942 36
943 1884 1075 1956 seriptum

193 1983 308 2040 quonum
333 1967 448 2038 primum
469 1971 496 2021 61
520 1967 629 2022 tertium
654 1965 896 2036 1686161166661,
922 1968 1092 2023 6166166116

192 2050 319 2110 Leideusi
348 2049 420 2126 libro
442 2056 547 2120 exstat,
574 2052 736 2122 impressum
763 2055 825 2104 6616
845 2050 945 2105 Aldum
967 2068 1021 2107 non
1043 2067 1091 2106 oo·

192 2154 286 2210 gnovn.

252 2221 301 2277 His
315 2220 401 2290 igitur
419 2220 568 2277 virtutibus
583 2222 726 2276 excellens
741 2219 843 2275 Aldina
859 2218 988 2274 resensio
1008 2219 1092 2292 dignu

193 2311 221 2360 et
231 2304 324 2360 habita
338 2311 381 2360 est
396 2312 423 2359 et
439 2304 501 2373 init,
516 2320 586 2375 quae
602 2303 635 2359 ab
651 2303 862 2375 insequentibus
876 2302 921 2357 vel
936 2319 987 2374 per
1002 2303 1092 2359 omnis

193 2389 239 2444 vet
259 2387 356 2459 paneis
370 2388 480 2443 mutatis
500 2394 683 2458 repeteretur.
728 2389 803 2443 Inter
819 2387 933 2442 onitioos
947 2387 1092 2460 proximae

193 2471 293 2527 aetatis
310 2470 438 2526 laudandi
454 2477 516 2526 sunt
532 2471 668 2528 Robertus
685 2473 858 2546 Stephanus,
873 2470 949 2526 Elias
964 2470 1092 2541 Vinetus,

192 2553 319 2610 Achilles
338 2553 460 2622 Statius,
477 2559 505 2608 et
520 2553 614 2610 16666
631 2555 794 2612 Casuubono
811 2556 831 2610 ii
847 2555 893 2626 qui
911 2556 946 2611 66
961 2555 1093 2611 universo
1202 2565 1203 2616 1

194 2637 329 2694 Suetonio
347 2637 418 2693 beno
433 2644 601 2694 meruerunt.
623 2638 689 2694 Nam
706 2639 872 2696 ooniunotim
888 2654 948 2694 uum
963 2639 1044 2696 libris
1058 2639 1093 2694 66

193 2722 250 2780 1116
265 2722 413 2778 Caesarum
436 2721 517 2795 primi
529 2721 667 2780 Antonius
690 2723 829 2796 Gryphins
844 2724 968 2796 Lugduni
983 2741 1009 2780 6.
1025 2729 1094 2784 1566
1202 2789 1203 2792 ¹

194 2813 223 2864 61
239 2806 403 2862 Theodorus
418 2807 580 2862 Puimaunus
595 2805 767 2880 Antvenpiue
782 2826 807 2864 6,
828 2813 895 2868 1574
911 2808 996 2864 66616
1013 2808 1093 2889 insti-

194 2898 312 2947 1661661.

256 2975 361 3033 Novum
388 2975 489 3031 edendi
511 2975 713 3033 fundumentum
740 2976 807 3034 ieoit
831 2976 987 3033 Ludovious
1009 2976 1094 3032 Tross
1202 3021 1203 3052 ,

196 3061 342 3118 Hammone
364 3065 472 3121 u.1841
495 3059 609 3131 eiusque
628 3062 782 3134 exemplum
803 3060 923 3117 imitatus
936 3060 1094 3116 Fridenious
1202 3099 1203 3140 ,

196 3145 287 3202 Osann
306 3148 402 3205 Gissae
417 3151 500 3216 1854,
523 3146 650 3203 16166661
670 3147 743 3202 libro
759 3145 924 3215 ubicumque
942 3145 1094 3203 1161166166

197 3229 303 3287 ratione
319 3233 408 3304 potuit
428 3230 501 3303 typis
517 3246 663 3303 expresso.
708 3229 767 3296 Qua
784 3231 811 3285 in
828 3246 859 3285 16
876 3247 936 3285 oum
958 3230 1095 3286 nonsatis

197 3314 372 3372 considerato
396 3315 439 3372 illi
463 3314 555 3386 egisse
575 3315 737 3383 videantur,
763 3321 839 3372 66116
862 3315 916 3372 iam
936 3314 1094 3386 quaerendo

197 3403 260 3457 6661
276 3407 452 3470 argumenta,
474 3401 571 3470 quibus
592 3399 658 3456 boui
679 3397 744 3454 libri
760 3414 775 3453 6
791 3398 946 3472 oonnuptis,
966 3399 1095 3470 singulus

198 3481 336 3540 leotiones
349 3485 455 3555 probae
477 3501 491 3537 a
510 3484 588 3542 falsis
607 3482 817 3552 distinguantur.

323 3891 518 3899 ..—.--..-..-.....
528 3896 552 3899 ..-
