2434 3908
175 235 230 284 ΧΠ
516 233 722 282 PRAEFATIO.

177 401 223 452 est
237 401 267 450 ιιι
286 394 315 450 in
336 392 527 464 antiquissimo
544 393 706 450 blemminuo
726 393 825 450 codice
841 393 987 449 duodecim
1005 393 1078 451 vitae

178 478 335 546 nominibus
354 477 550 550 imperatorum
565 477 802 549 distinguerentur
820 492 931 546 omnes,
952 478 1002 534 sed
1023 493 1078 535 nou

178 563 250 619 ultra
272 562 392 633 quinquo
412 561 514 633 primas
534 561 597 616 Divi
620 561 702 630 lulii,
722 561 786 616 Divi
803 559 941 632 Augusti,
963 561 1078 632 Tiberii,

178 645 207 701 G.
227 641 419 720 Caligulae2),
444 644 508 701 Divi
531 644 638 702 Claudii
661 645 733 701 vitas
760 645 921 701 numerandi
942 645 1078 702 vocabula

177 735 357 786 servarentur
376 728 635 801 liberprimns,
651 729 749 785 liber
763 729 963 798 secundus,
979 729 1078 785 liber

177 813 329 883 tertius,
345 812 904 884 liberquartus,liberquintus.
927 812 1079 868 Acueboc

179 897 290 969 quidem
302 896 573 969 praetermittendum
583 903 636 965 est,
650 897 724 968 quod
736 895 764 951 in
777 897 874 952 eodem
886 896 959 952 libro
976 895 1078 952 (laesa-

177 997 225 1037 res
239 997 290 1037 sex
301 979 382 1052 primi
393 980 512 1052 singulis
520 980 668 1053 versiculis
680 981 833 1035 litterarum
845 980 979 1036 maiorum
991 986 1020 1035 et
1032 996 1078 1034 ru-

176 1065 345 1121 bricatarum
360 1065 508 1136 incipiunt,
522 1081 573 1120 sex
587 1064 772 1137 posteriorum
787 1071 889 1119 tantum
906 1064 975 1130 duo,
993 1062 1078 1118 Galba

179 1155 207 1204 et
223 1148 363 1204 Vitellius.
407 1147 578 1204 Procedente
599 1154 723 1220 tempore
738 1149 835 1203 malum
855 1147 938 1203 latius
964 1146 1078 1219 serpsit,

178 1248 239 1287 cum
250 1232 432 1304 interruptum
448 1248 622 1288 numerorum
636 1231 761 1289 ordinem
777 1232 907 1287 librarius
923 1224 1079 1302 aliquisita

176 1315 384 1372 resarciendum
396 1315 584 1387 existimaret,
599 1323 628 1372 ιιι
644 1305 764 1386 singulis
774 1315 839 1369 vitis
851 1314 977 1384 singulos
989 1313 1077 1369 libros

176 1400 322 1469 tribueret,
337 1399 366 1454 id
383 1405 426 1454 est
440 1398 528 1455 libros
543 1399 730 1470 distingueret
743 1397 897 1454 duodecim.
943 1398 982 1453 En
999 1397 1077 1452 labes

177 1483 231 1540 iam
245 1482 371 1538 codicem
386 1481 539 1537 llediceum
558 1483 668 1538 tertium
682 1477 735 1555 (pl.
753 1487 805 1552 68,
827 1471 860 1554 l)
877 1481 924 1553 qui
939 1481 1012 1536 inter
1027 1480 1078 1535 rui-

177 1583 227 1622 nus
250 1566 376 1636 integros
393 1566 428 1622 de
450 1566 648 1637 antiquissimis
672 1571 731 1634 est,
751 1566 914 1638 occupavit,
931 1570 962 1620 ut
981 1564 1078 1619 miram

176 1645 268 1705 videri
286 1663 339 1704 non
355 1649 473 1718 debeat,
495 1650 568 1720 quod
585 1649 748 1705 Vincentius
764 1648 974 1704 bellovacensis
990 1654 1018 1702 et
1034 1648 1078 1702 la-

177 1733 264 1789 cobus
287 1732 378 1802 llagni
406 1738 434 1787 et
455 1732 502 1787 alii
523 1733 630 1789 mediae
653 1732 752 1788 aetatis
776 1731 930 1804 scriptores
952 1748 1012 1786 cum
1028 1748 1078 1787 ve-

176 1815 337 1872 tustissimis
354 1816 507 1872 editoribus
521 1817 595 1872 hunc
610 1817 735 1872 ordinem
750 1816 839 1871 secuti
854 1815 918 1870 siut.
950 1813 1006 1871 Sed
1017 1831 1078 1870 cum

176 1893 396 1972 reputaverimus
411 1906 469 1956 tres
480 1900 593 1956 Flavius
606 1900 768 1957 coniunctos
784 1899 883 1955 librum
898 1899 1011 1954 elllcere
1027 1897 1078 1953 mi-

177 1998 273 2039 norem
291 1999 371 2054 quam
385 1983 431 2039 vel
452 2000 532 2038 unum
546 1984 703 2053 Tiberium,
720 1989 834 2054 tresque
849 1980 1010 2038 ‘aestivos'
1027 1983 1077 2037 im-

176 2073 322 2139 peratores
349 2082 383 2121 ne
410 2066 561 2138 Caligulam
591 2068 701 2139 quidem
728 2083 849 2138 aequare
877 2066 1076 2136 magnitudine,

177 2151 342 2222 comparatis
362 2150 443 2206 etiam
459 2141 760 2223 aliorum'scriptorum
780 2157 809 2204 ιιι
824 2149 958 2220 Diogenis
975 2148 1077 2205 bacrtii

176 2234 340 2303 rationibus,
352 2241 431 2289 recte
443 2252 476 2291 ac
484 2236 582 2291 merito
594 2236 718 2290 lsaaeum
727 2233 916 2290 Gasaubonam
928 2249 1000 2289 auno
1010 2238 1077 2292 1595

176 2316 358 2386 iudicabimus
374 2318 477 2373 Suidae
492 2318 650 2374 auctoritati
665 2317 852 2373 concessisse.

17 2395 166 2500 mpiffiffl·
239 2398 1077 2471 capitanaquoqnedistinctionemuesilentiotraus-

178 2499 248 2552 eam,
262 2483 338 2537 nolui
351 2499 411 2537 eum
419 2484 527 2554 quidem
539 2484 664 2540 ordinem
676 2484 889 2555 numerandique
897 2498 1000 2539 morem
1013 2498 1077 2554 per-

177 2567 307 2635 turbare,
330 2581 410 2636 quem
425 2584 440 2622 a
455 2567 557 2623 scribis
572 2566 667 2638 quinto
683 2567 790 2623 decimo
810 2568 923 2623 saeculo
939 2565 1077 2621 inductam

177 2649 329 2722 primisque
344 2650 514 2706 editionibus
531 2656 671 2723 receptum
682 2650 811 2707 Erasmus
826 2650 947 2706 numeris
962 2650 989 2703 in
1005 2664 1077 2703 mar-

177 2733 244 2803 gine
260 2732 393 2788 editionis
405 2733 568 2789 basiliensis
586 2750 610 2789 a.
622 2739 690 2794 1518
702 2734 837 2806 appositis
853 2732 981 2791 sanxisse
997 2732 1077 2787 vide-

177 2822 221 2870 tur
237 2816 265 2871 in
281 2824 457 2889 perpetuum:
474 2833 563 2888 neque
578 2818 602 2872 is
618 2824 672 2873 tam
687 2818 797 2890 ineptus
817 2824 860 2873 est
878 2824 907 2872 ιιι
923 2816 1006 2874 abiici
1025 2816 1077 2871 de·

176 2899 278 2956 buerit.
305 2900 367 2963 ¹Sed
382 2901 457 2956 nolui
474 2906 563 2956 tamen
581 2902 692 2957 nescius
711 2917 806 2971 esses,
824 2901 913 2957 lector
927 2899 1077 2968 benevole,

177 2983 319 3055 reperisse
335 3000 377 3039 me
393 2984 421 3038 iu
434 2983 595 3040 llemmiano
611 2985 710 3042 codice
726 2985 806 3040 aliam
827 2985 945 3057 capitum
959 2982 1077 3039 divisio-

178 3082 239 3120 nem
255 3072 309 3122 tam
324 3068 492 3123 commodam
514 3074 622 3139 tamquo
637 3068 820 3138 luculentam,
841 3074 870 3124 ιιι
886 3068 974 3139 ipsius
991 3067 1077 3120 l'ran-
1150 3083 1154 3094 ·

179 3149 257 3219 quilli
279 3167 358 3205 mauu
375 3150 499 3206 instituta
514 3167 577 3207 esso
591 3151 729 3208 videatur.
773 3153 839 3208 Eam
858 3151 961 3222 igitar,
979 3148 1076 3222 paucis

177 3233 259 3322 ruodo
293 3234 374 3289 aliter
399 3234 595 3291 administratis
623 3252 692 3307 quac
721 3235 882 3292 necessario
915 3232 1076 3301 rellugeuda

246 3428 275 3494 ⁶2)
294 3431 432 3498 tranquilia·
450 3431 537 3481 libram
553 3433 627 3481 altam
645 3431 772 3496 Caligulae
786 3434 946 3482 seminantem
961 3427 1075 3494 Lampri-

177 3496 234 3550 dlus
252 3513 352 3564 quoqne
370 3507 546 3550 commemoret
559 3499 586 3548 iu
605 3499 740 3549 Commodo
759 3513 815 3565 cap.
834 3499 866 3549 10
920 3499 921 3504 ’
