2466 3896
130 198 190 261 110
215 210 244 260 c.
259 209 408 259 sunnom
420 210 547 268 nnana.
560 211 607 258 nn
619 211 701 258 vrrs
714 211 896 260 cassanum
907 214 976 259 mn.
992 213 1040 260 111.

128 368 280 428 affirmavit
300 366 381 442 iore,
404 372 438 424 ut
457 383 496 425 ec
510 364 656 444 Pompeio
670 365 875 444 Pompeianus
893 366 995 445 fieret,
1018 368 1124 431 acerba

129 451 313 512 cavillatione
329 449 411 508 simul
429 448 550 508 hominis
568 467 673 510 nomen
690 452 840 510 incessens
854 458 1042 529 veterumque
1057 471 1123 531 par·

86 537 197 608 sptium
211 535 362 594 fortunam.
390 531 448 592 Sub
465 532 538 592 idem
554 542 680 611 tempus,
698 534 871 598 consulente.
880 543 1015 611 praetore
1030 551 1066 594 an
1082 536 1123 596 in·

129 620 203 679 dicia
219 619 376 678 maiestatis
397 618 464 694 cogi
479 616 605 695 iuberet,
628 618 806 678 exercendas
820 635 886 678 esse
902 617 985 694 leges
1001 636 1123 696 respon·

129 705 168 764 dit
190 712 219 762 et
244 702 424 762 atrocissime
448 703 588 760 exercuit.
618 702 734 762 Statuae
757 701 870 780 quidam
890 699 1015 778 Augusti
1037 711 1147 783 caputs

129 788 287 862 demserat,
313 794 342 844 ut
361 783 479 844 alterius
494 787 669 863 imponeret;
693 789 756 846 acta
767 803 816 846 res
833 786 861 845 in
877 794 977 845 senatu
992 794 1035 863 et,
1057 787 1124 866 qnia

128 869 341 947 ambigebatur,
364 887 417 948 per
440 877 579 928 tormenta
602 872 731 947 quaesita
747 879 800 930 est.
831 868 970 929 Damnato
986 886 1039 929 reo
1055 888 1123 948 pau·

128 956 205 1016 latim
220 972 313 1031 genus
330 953 486 1013 calumniae
502 969 538 1012 eo
555 953 709 1031 processit,
727 963 757 1012 ut
771 953 844 1012 haec
858 969 973 1031 quoque
989 953 1123 1032 capitalia
1225 989 1230 1022 ⁴

129 1047 241 1100 essent:
270 1039 347 1097 circa
369 1035 493 1113 Augusti
519 1037 699 1097 simulacmm
724 1054 838 1097 servum
865 1036 1016 1115 cecidisse,
1035 1039 1123 1098 vesti·
1214 1033 1230 1106 'l

128 1131 222 1184 menta
237 1131 377 1197 mutasse,
394 1138 506 1180 nummo
519 1121 566 1180 vel
582 1121 667 1180 anulo
683 1122 809 1200 effigiem
821 1122 990 1200 impressam
1001 1121 1123 1182 latrinae
1134 1142 1159 1184 ro

128 1217 176 1269 aut
191 1207 322 1284 lupanari
344 1204 493 1281 intulisse,
514 1205 619 1266 dietum
641 1206 727 1266 ullum
741 1207 885 1265 factumve
901 1205 962 1264 eius
980 1207 1123 1266 existimu-

128 1293 207 1352 tione
229 1291 325 1368 aliqua
346 1288 477 1350 laesisse.
510 1289 587 1349 Perit
608 1289 732 1369 denique
753 1299 782 1348 et
802 1291 844 1366 is,
868 1291 915 1366 qui
935 1287 1075 1349 honorem
1095 1291 1124 1348 in

130 1376 244 1437 colonia
259 1392 309 1433 sua
326 1373 428 1432 eodem
444 1373 490 1432 die
506 1373 623 1434 decerni
637 1373 691 1433 sibi
707 1392 809 1452 passus
825 1381 881 1449 est,
897 1389 954 1451 quo
971 1371 1080 1433 decreti
1095 1381 1125 1432 et

128 1459 261 1536 Augusto
278 1456 346 1516 olim
362 1466 453 1516 erant.
1224 1509 1230 1538 ⁸

88 1549 121 1602 59
190 1541 277 1602 Multa
300 1548 451 1619 praeterea
471 1542 572 1617 specie
590 1542 738 1619 gravitatis
759 1557 917 1599 aemorum
935 1538 1159 1618 corrigendo-rs
1228 1601 1229 1606 ,

127 1644 204 1700 rum,
230 1624 330 1683 sedet
351 1624 444 1699 magis
460 1632 579 1683 naturae
600 1634 820 1704 optemperans,
842 1624 881 1684 ita
897 1641 985 1683 saeve
1003 1631 1032 1684 et
1048 1623 1123 1683 atro-
1228 1645 1230 1690 t

129 1712 202 1769 citer
222 1707 378 1782 factitavit,
400 1715 430 1765 ut
449 1707 577 1767 nonnulli
599 1708 751 1769 versiculis
775 1723 890 1785 quoque
913 1716 941 1766 et
959 1707 1125 1785 praesentia

129 1792 339 1871 exprobrarent
354 1799 383 1848 et
397 1789 489 1849 lutura
506 1789 703 1853 denuntiarent
716 1790 806 1851 mala:
985 1784 993 1799 ”

211 1949 302 2022 Asper
312 1951 338 2002 et
347 1948 469 2016 immitis,
481 1946 597 2002 breuiter
608 1947 647 2000 uis
658 1948 747 2001 omnia
758 1945 867 2002 dicam?

254 2033 428 2103 Dispeream,
440 2032 466 2085 si
475 2036 500 2086 te
509 2035 599 2086 muter
610 2045 705 2084 amare
711 2035 809 2101 potest.

211 2167 274 2226 Nan
289 2181 318 2225 es
332 2184 413 2240 eques
420 2192 430 2233 ,·
443 2173 551 2241 quare?
565 2167 627 2223 Non
641 2172 707 2222 sunt
718 2165 764 2221 tibi
776 2165 850 2219 milia
865 2168 986 2219 eentum.-
1046 2149 1050 2156 ’

256 2252 352 2309 Omnia
362 2256 388 2308 si
397 2267 532 2326 quaeras,
546 2259 572 2308 et
581 2251 696 2306 Rhodus
706 2250 816 2306 exilium
829 2252 876 2302 est.

211 2385 307 2441 Aurea
318 2392 427 2444 mutasti
437 2388 554 2446 Saturni
563 2386 682 2452 saecula,
696 2383 812 2444 Caesar:

253 2469 389 2528 Incolumi
397 2490 461 2528 nam
471 2478 496 2527 te
504 2471 603 2543 ferrea
614 2483 723 2540 semper
734 2470 823 2523 erunt.

211 2607 328 2663 Fastidit
337 2611 443 2677 mum,
453 2611 516 2680 quia
527 2611 582 2662 ium
592 2608 647 2662 sitit
655 2607 704 2660 iste
713 2618 856 2660 cruorem:

256 2692 323 2746 Tam
334 2693 395 2747 bibit
404 2692 477 2748 bunc
488 2692 579 2761 auida,
591 2706 672 2762 picam
684 2689 747 2744 bibit
756 2695 818 2742 ante
829 2701 942 2741 mentm.

211 2827 311 2898 Aspice
322 2827 439 2882 Felicem
450 2827 526 2895 (sibi,
543 2841 597 2880 non
613 2826 671 2894 tibi)
683 2824 813 2894 Romule,
825 2822 938 2889 Sullam,

252 2912 290 2965 Et
299 2910 436 2980 Marium,
448 2913 474 2965 si
482 2912 533 2975 aas,
547 2911 655 2980 aspice,
666 2908 717 2962 sed
725 2907 860 2971 reducem,

211 2995 333 3051 Necnon
344 2995 446 3051 Antoni
452 2995 540 3049 ciuilia
551 2993 620 3048 bella
631 2993 757 3048 mouentis

253 3079 316 3134 Non
325 3081 408 3134 semel
418 3079 535 3150 insectus
545 3079 638 3147 aspice
648 3075 732 3131 caede
742 3090 847 3139 manua,

208 3163 244 3216 Et
256 3164 313 3217 dic:
328 3163 416 3218 Roma
424 3161 644 3244 peritpepnauit
651 3161 785 3231 sunguine
794 3159 890 3227 multa,

252 3247 297 3300 Ad
307 3262 420 3319 regnam
431 3246 552 3317 quisquis
563 3245 633 3299 uenit
642 3243 677 3297 ab
688 3243 776 3299 eailio.

129 3406 211 3480 Quae
230 3407 336 3484 primo,
359 3411 439 3485 quasi
461 3408 495 3467 ab
511 3404 723 3484 impatientibus
738 3404 929 3464 remediorum
944 3423 979 3463 ac
994 3419 1050 3462 non
1067 3411 1122 3463 tam

128 3507 166 3549 ex
186 3489 270 3548 animi
286 3490 424 3550 sententia
438 3507 520 3570 qnam
539 3488 598 3548 bile
613 3497 641 3548 et
658 3488 806 3548 stomacho
824 3489 1017 3565 fingerentur,
1040 3485 1121 3546 vole·
