2392 3926
134 246 194 311 aot
328 275 332 286 ·
414 254 865 314 c.sonnou11rnnuou1nn1

25 395 34 416 ⁰
134 414 209 476 enim
224 410 407 491 Tranquillus
423 411 626 489 praeverbium
648 419 728 489 putat
746 408 801 469 dici
826 408 937 469 debere
960 408 1039 488 quod
1063 419 1149 486 ante,

134 498 184 559 vel
209 495 378 557 adverbium
401 494 478 572 quod
498 504 566 574 post
585 494 706 555 verbum
727 494 955 574 appellationem
979 495 1070 553 etiam
1093 513 1149 555 no-

133 598 257 659 menque
273 588 406 657 ponatur.
419 576 689 641 laliacRomaaac
704 578 792 656 apud
806 576 984 640 canadam
993 596 1027 656 p.
1038 587 1102 639 175
1109 577 1148 639 P.

197 665 258 725 Isto
275 663 372 744 vilius}
395 663 461 723 Rex
487 665 534 742 qui
557 664 683 725 vocabat
706 664 740 723 ad
763 680 896 740 caenam,
921 664 945 722 si
966 661 1022 722 sibi
1037 679 1078 722 ea
1093 681 1148 724 res

135 748 298 813 exhibenda
319 746 493 809 indiceretur
508 765 592 827 quam
608 747 749 808 exhibere
763 764 821 807 non
842 755 959 826 posset,
974 748 1169 825 respondit‚⁵

135 847 165 896 ut
180 832 361 914 tranquillus
384 833 491 894 refert:
519 835 576 892 isto
591 833 676 892 vilius
692 832 814 892 hominis
830 834 887 891 erit
906 849 1005 892 caena.
1036 829 1148 892 Iulius

135 922 294 984 Romanae
308 917 395 995 apad
410 916 587 980 cadratam
596 934 629 994 p.
644 924 701 978 180
717 915 750 976 P.

201 1005 287 1054 Potest
298 1001 340 1052 hle
351 1003 455 1064 titulus,
482 1001 525 1066 qui
537 1011 576 1052 est
588 1001 620 1052 de
633 1001 718 1051 Rebus
734 1001 820 1062 variis,
843 1016 900 1050 cum
913 1000 1071 1064 insequenti,
1099 1003 1147 1065 qui

93 1117 96 1124 .
134 1083 173 1128 eat
187 1073 291 1124 Pratum
302 1071 357 1122 sive
367 1072 456 1132 Prata,
471 1071 506 1120 ita
518 1071 600 1120 videri
613 1072 761 1120 coniunctus
773 1069 867 1131 luisse,
880 1079 908 1120 ut
919 1070 1071 1136 inscriptum
1085 1069 1146 1120 lue·

133 1145 179 1194 rit:
199 1142 226 1193 O.
244 1139 348 1190 Suetoni
360 1139 499 1203 Tranquilli
517 1139 621 1188 Pratum
636 1140 691 1189 sive
709 1139 741 1189 de
758 1139 843 1189 Rebus
861 1139 939 1190 variis
957 1137 1056 1188 libri..
1091 1138 1178 1198 Ta·1q

135 1227 192 1262 men
203 1212 282 1263 tutius
295 1209 358 1258 duxi
369 1209 505 1276 separatim
517 1223 620 1274 ponere.

197 1276 274 1339 xvl.
306 1275 379 1350 Quia
408 1278 516 1336 variam
541 1286 570 1337 et
592 1276 752 1335 miscellam
776 1285 806 1336 et
827 1277 909 1354 quasi
933 1274 1146 1335 confusaneam

134 1365 292 1426 doctrinam
308 1362 560 1441 conquisiverant,
577 1377 613 1420 eo
629 1360 727 1420 titulos
743 1378 861 1440 quoque
883 1360 918 1420 ad
940 1378 1003 1420 eam
1020 1368 1144 1420 senten·

135 1452 201 1510 tiam
218 1445 459 1524 exquisitissimos
474 1444 645 1506 indiderunt.
662 1443 791 1524 Namque
808 1443 856 1504 alii
870 1443 1015 1504 Musarum
1036 1445 1145 1504 inscri-

135 1539 279 1614 pserunt.
297 1573 304 1587 .
323 1575 330 1588 .
346 1530 449 1608 partim
466 1526 639 1609 Λειμῶνας
654 1574 661 1588 .
679 1573 710 1588 ..
734 1527 787 1590 Est
808 1538 965 1607 praeterea·
988 1530 1035 1608 qui
1062 1529 1178 1595 Pru-a

135 1628 214 1676 tum.
235 1613 351 1673 Gellius
363 1612 563 1692 praefatione
578 1621 681 1674 5-8.
699 1610 739 1691 cs.
755 1629 855 1692 capra
867 1631 900 1691 p.
917 1620 983 1688 294,
1003 1621 1054 1675 26.
1081 1611 1146 1674 Prt-

135 1701 206 1770 aa'as
221 1703 285 1757 aet.
303 1696 372 1757 diat.
385 1694 587 1775 praefatione
603 1705 648 1757 23.
676 1696 795 1758 Saldae
809 1715 835 1758 a.
851 1716 881 1757 o.
897 1688 1089 1777 Πάμφιλος.

200 1783 289 1858 Signa
319 1790 413 1840 autem
441 1790 644 1860 tempestatum
674 1781 875 1859 navigantibus
898 1780 1084 1859 Tranquillus
1115 1785 1147 1842 in

136 1869 257 1929 Pratis
271 1863 533 1926 sicdicit:ll1utatio
548 1867 729 1944 tempestatis
743 1865 942 1946 exspectanda
954 1876 999 1926 est
1011 1869 1038 1925 in
1053 1866 1145 1945 aspe—
1191 1873 1192 1929 l

136 1955 212 2029 rius,
239 1968 303 2011 cum
323 1952 350 2010 in
370 1959 510 2012 nocturna
534 1952 717 2028 navigatione
740 1950 876 2010 scintillat
891 1950 927 2010 ad
948 1967 1045 2010 remos
1062 1960 1091 2010 et
1105 1951 1146 2011 ad
1154 1975 1177 2014 aa

113 2034 332 2115 .gubernacula
348 2053 432 2115 aqua.
462 2034 495 2095 ln
510 2043 636 2095 austrum
657 2036 736 2094 venti
747 2037 876 2095 mutatio
892 2043 953 2110 est,
980 2053 1043 2094 cum
1064 2035 1144 2094 lulli-

90 2123 92 2128 '
136 2125 220 2199 gines
247 2120 432 2184 iruudinesve
450 2119 566 2195 volant,
591 2129 638 2178 aut
653 2138 718 2178 cum
738 2119 835 2179 dellini
860 2127 939 2179 totos
964 2138 997 2180 se
1018 2117 1145 2179 saltibus

137 2205 291 2268 ostendunt
307 2213 354 2264 aut
371 2203 469 2264 caudis
483 2221 586 2282 aquam
601 2203 721 2272 leriunt;
743 2221 806 2262 nam
822 2222 940 2283 semper
954 2213 1057 2264 ventus
1072 2205 1144 2264 inde

139 2291 244 2364 oritur,
261 2305 318 2367 quo
333 2287 375 2348 illi
390 2283 529 2348 l'eruntur.
560 2286 623 2346 Nec
637 2290 736 2362 miram
753 2297 798 2347 est
818 2296 893 2347 muta
912 2288 1044 2348 animalia
1068 2288 1142 2348 divi-
1190 2333 1191 2338 1

137 2391 207 2433 nare
224 2372 276 2431 sub
292 2374 422 2449 gurgite3
439 2390 557 2450 semper
572 2371 646 2431 enim
671 2373 834 2451 incipientis
850 2389 938 2432 aurae
954 2382 1032 2432 motu
1044 2356 1191 2451 aquaem*

138 2456 323 2532 inclinantur,
347 2474 431 2534 quam
444 2458 684 2536 permutationem
699 2458 785 2516 maris
805 2457 889 2535 primi
903 2456 1039 2517 undarum
1056 2458 1142 2516 ineo·

138 2542 184 2602 lae
197 2541 330 2599 sentiunt.
364 2539 465 2618 ltaque
483 2549 605 2619 propter
620 2542 756 2620 impetum
771 2549 913 2619 pugnant,
930 2542 993 2600 sive
1010 2549 1143 2600 metune

138 2625 305 2687 deierantur
323 2626 351 2683 in
368 2624 468 2703 litora,
484 2626 545 2683 sive
562 2633 661 2684 natura
676 2643 713 2684 ne
728 2642 896 2684 aversorum
916 2625 1049 2686 cervices
1065 2626 1143 2685 unda

138 2709 320 2789 praecipitet.
352 2707 494 2788 Numquid
516 2726 587 2785 ergo
612 2708 711 2768 delfini
732 2717 838 2769 tantum
861 2709 936 2769 hanc
955 2711 1085 2769 iniuriam
1108 2711 1143 2768 ti·

139 2790 239 2854 ment?
270 2793 358 2852 Immo
382 2804 411 2853 et
428 2794 518 2853 ceteri
536 2795 653 2870 pisces,
675 2793 727 2853 sed
742 2792 770 2852 hi
789 2803 896 2852 tantum
915 2803 1058 2872 apparent
1073 2787 1190 2873 quiaaol

121 2912 125 2917 -
140 2878 268 2939 exiliunt.
302 2875 446 2939 isidoras
460 2877 499 2938 de
512 2885 629 2939 catara
644 2895 747 2938 reram
765 2885 817 2953 38,
836 2887 861 2938 J.

202 2960 247 3021 De
264 2963 424 3022 nominibus
438 2964 525 3022 maris
548 2972 577 3021 et
597 2962 740 3022 fluminum
761 2963 789 3020 in
812 2961 930 3022 Pratis
954 2961 1143 3040 Tranquillus

140 3047 182 3107 sic
195 3046 323 3106 adseruit
342 3047 457 3107 dicens:
478 3044 636 3126 Externum
656 3065 751 3106 marc
768 3044 901 3106 Oceanus
920 3057 975 3122 est,
998 3049 1143 3106 internum

139 3131 217 3208 quod
230 3149 267 3190 ex
282 3129 401 3192 Oceano
420 3131 491 3202 nuit,
510 3149 646 3208 superum
671 3140 700 3189 et
720 3129 842 3190 inferum
862 3130 966 3209 quibus
986 3131 1068 3192 Italia
1089 3133 1142 3192 ad·

140 3215 235 3292 luitur.
254 3212 300 3273 Ex
312 3217 346 3273 iis
358 3234 492 3293 superum
512 3234 1138 3282 -,-,-------
1188 3239 1189 3270 q

141 3294 317 3355 Adriaticum
348 3298 450 3358 dicitur
466 3307 494 3357 et
528 3268 706 3328 Adriaticum
715 3285 855 3344 superum
869 3277 1000 3344 vocatur,
1012 3266 1175 3342 Tyrrhe-u
1188 3272 1189 3303 l

142 3375 403 3440 Tuscumqnfemm·
413 3381 456 3440 pr
465 3399 492 3439 e,
529 3350 734 3428 numinianum,
743 3360 773 3409 ut
786 3349 904 3410 Iunilius
918 3362 947 3411 et
956 3351 1143 3429 Tranquillus

141 3466 214 3516 tum
228 3472 389 3539 angustum,
414 3466 496 3541 quasi
530 3434 637 3508 dicunt,
650 3434 754 3532 quibus
769 3433 893 3493 adluitur
903 3434 994 3495 ltalia.
1011 3434 1144 3496 Scholia
1187 3481 1188 3496 t

141 3539 389 3620 fervens‚mare,
407 3548 493 3604 ursi.
513 3515 1138 3628 Q
