2450 3910
154 251 215 314 226
231 263 260 312 a.
277 261 427 311 suunoun
442 261 570 322 nunno.
586 263 633 308 on
649 262 732 309 vinu
752 261 937 310 consanum
949 263 1018 313 ota.
1030 263 1103 313 uun.
1202 237 1203 264 ¹

154 419 253 480 tiliam.
286 418 378 479 Uxori
393 435 428 477 ac
446 417 522 478 filiae
538 426 688 496 superstes
703 418 769 496 luit,
786 427 872 496 atque
889 425 1038 496 utramque
1054 418 1146 480 adhuc

151 504 283 581 privatus
300 501 401 562 amisit.
436 501 505 562 Post
519 503 620 562 uxoris
635 519 788 562 excessum
804 498 980 580 Caenidem,
1002 502 1144 564 Antoniae

152 585 286 650 libertam
298 595 354 646 eta
366 603 460 662 manu,
478 585 614 646 dilectam
624 585 766 665 quondam
780 586 834 647 sibi
845 588 996 647 revocarit
1008 587 1038 646 in
1049 596 1144 647 contu·

153 670 299 746 bernium,
313 668 467 749 habuitque
479 672 563 732 etiam
575 671 732 749 imperator
745 687 839 750 paene
851 671 944 731 iustae
956 672 1055 732 uxoris
1067 671 1143 732 loco.

123 772 140 818 4
215 752 334 816 Claudio
355 755 485 834 principe
500 754 631 815 Narcissi
646 755 738 832 gratia
753 754 872 832 legatus·
883 755 1009 832 legionis
1032 758 1060 815 iu
1075 755 1166 816 Cer-c

155 839 275 899 maniam
291 840 394 898 missus
409 848 468 908 est;
485 838 552 899 iude
567 841 595 898 in
605 837 779 898 Britanniam
790 839 956 916 translatus,
972 840 1070 900 tricies
1083 858 1146 900 curn
1202 861 1203 874 t

154 924 240 986 hoste
262 923 399 984 condixit.
438 921 517 983 Duas
539 922 728 984 ualidissimas
748 932 854 1000 gentes
875 941 1023 1004 superque
1046 924 1145 1001 viginti

155 1007 264 1088 oppida
281 1017 309 1068 et
321 1006 440 1067 insulam
455 1008 579 1067 Vectem
595 1007 755 1068 Britanniae
771 1009 932 1086 proximam
953 1009 982 1067 in
1004 1007 1146 1068 dicionem

155 1083 405 1172 redegit,lpartum
421 1090 488 1150 Auli
505 1089 596 1151 Plauti
617 1090 707 1168 legata
728 1091 888 1151 consularis
912 1094 1014 1170 partim
1035 1090 1146 1153 Claudii
1202 1151 1203 1166 ,

155 1180 246 1258 ipsius
264 1169 371 1246 ductui
389 1175 485 1250 Quare
501 1174 682 1254 triumphalia
694 1183 860 1237 ornamenta
876 1184 905 1236 et
928 1177 956 1235 iu
978 1175 1061 1236 breui
1079 1195 1144 1257 spa·
1157 1195 1182 1236 no

155 1263 195 1323 tio
211 1249 319 1340 dupl‘ex
333 1259 525 1320 sacerdotium
539 1259 664 1338 accepit,
683 1268 836 1339 praeterea
853 1260 1046 1338 consulatum,
1062 1279 1148 1340 quem
1202 1286 1203 1352 p

155 1349 250 1425 gessit
271 1362 325 1423 per
349 1342 421 1404 duos
443 1345 618 1406 nouissimos
637 1344 702 1403 anni
722 1362 847 1404 meuses.
891 1344 1014 1405 Medium
1033 1352 1147 1424 tempus
1202 1357 1203 1398 t

155 1430 192 1492 ad
207 1429 444 1510 proconsulatum
458 1431 590 1507 usquein
604 1429 663 1489 otio
677 1445 857 1507 secessuque
869 1430 939 1507 egit,
955 1429 1147 1508 Agrippinum
1202 1409 1203 1500 l

156 1517 259 1576 timens
280 1522 429 1593 potentem
451 1512 545 1573 adhuc
560 1511 635 1592 apud
651 1511 737 1573 filium
753 1521 782 1572 et
798 1511 925 1573 deiuncti
943 1530 1059 1592 quoque
1074 1513 1146 1574 Nar·

158 1601 225 1659 cissi
239 1598 324 1657 amici
337 1615 482 1676 perosam.
750 1645 752 1652 .
1159 1612 1184 1656 aa
1202 1649 1203 1676 ,

217 1681 301 1742 Exim
319 1682 438 1741 sortitus
452 1678 597 1758 Africam,
621 1681 808 1758 integerrime
825 1699 881 1742 nec
896 1684 957 1742 sine
978 1699 1083 1758 magua
1107 1681 1147 1741 di·

157 1767 293 1846 guntione
308 1764 525 1842 administravit,
540 1765 594 1824 nisi
608 1765 684 1843 quod
695 1766 861 1827 Hadrumeti
872 1765 1014 1840 seditione
1026 1765 1149 1845 quadam

157 1869 228 1931 rapa
245 1852 273 1909 in
295 1868 359 1910 eum
382 1851 456 1910 iacta
478 1857 551 1910 sunt.
587 1848 684 1910 Rediit
702 1859 782 1910 certe
803 1849 891 1911 nihilo
914 1851 1095 1930 opulentior,
1117 1859 1150 1910 ut
1179 1853 1203 1914 'r

158 1936 214 2017 qui,
230 1952 323 2015 prope
340 1933 513 1995 labefactata
528 1935 585 1994 iam
600 1933 667 2012 lide,
685 1937 778 1995 omnia
794 1934 912 2013 praedia
932 1935 1013 1995 fratri
1035 1933 1149 2012 obliga-

157 2022 193 2082 rit
208 2020 436 2098 necessarioque
454 2019 489 2080 ad
504 2020 692 2095 mangonicos
705 2028 842 2099 quaestus
856 2019 1039 2081 sustinendae
1053 2018 1147 2096 digni·
1160 2039 1187 2081 aa

156 2106 223 2166 tatis
240 2123 325 2165 causa
344 2103 542 2173 descenderit3
560 2112 682 2181 propter
698 2103 775 2183 quod
790 2105 877 2182 vulgo
893 2104 1007 2165 mulio
1020 2103 1150 2164 vocaba-

157 2199 211 2250 tur.
246 2187 403 2249 Convictus
420 2205 536 2266 quoque
552 2187 655 2246 dicitur
670 2187 793 2249 ducenta
811 2190 945 2249 sestertia
961 2189 1153 2267 expressisse

156 2275 262 2351 iuueni,
278 2273 324 2332 cui
343 2272 430 2332 latum
455 2272 566 2332 clavum
587 2271 727 2332 adversus
750 2273 840 2350 patris
860 2272 1036 2333 voluntatem
1057 2273 1152 2350 impe·
1202 2317 1203 2326 ,

157 2366 257 2434 tranat,
272 2374 367 2434 eoque
383 2356 497 2415 nomine
513 2349 643 2433 graviter
658 2357 825 2434 increpitus.
1068 2408 1073 2415 .

220 2440 458 2516 Peregrinatione
474 2439 601 2501 Achaica
617 2440 692 2500 inter
708 2440 829 2500 comites
844 2440 984 2519 Neronis,
1001 2460 1064 2501 cum
1081 2437 1154 2502 can·
1164 2468 1189 2510 aa

158 2532 235 2586 tante
252 2541 288 2584 eo
307 2534 354 2584 aut
368 2522 532 2584 discederet
547 2525 663 2602 saepius
681 2534 728 2586 aut
744 2543 885 2603 praesens
907 2526 1157 2606 obdormisceret,
1202 2579 1203 2618 ,

158 2608 357 2689 gravissimam
370 2610 512 2668 contraxit
527 2609 676 2684 offensam,
692 2609 912 2688 prohibitusque
923 2629 981 2672 noo
994 2609 1157 2671 contuber-
1202 2631 1203 2668 t

158 2695 206 2756 nio
222 2693 308 2754 modo
324 2692 376 2752 sed
393 2693 476 2753 etiam
491 2691 606 2771 publica
622 2693 810 2771 salutatione,
835 2697 958 2755 secessit
978 2697 1006 2754 iu
1029 2713 1158 2774 parvam

160 2797 194 2840 ac
209 2778 322 2839 deviam
338 2778 490 2853 civitatem,
508 2776 603 2856 quoad
624 2777 722 2838 latenti
743 2780 884 2858 etiamque
907 2789 1036 2840 extrema
1057 2789 1158 2839 metu-

159 2863 217 2923 enti
231 2862 381 2942 provincia
398 2879 460 2922 cum
479 2862 608 2921 exercitu
624 2861 720 2923 oblata
736 2872 790 2923 est.
1168 2889 1193 2929 30

221 2946 433 3008 Percrebuerat
448 2945 565 3006 Oriente
583 2955 644 3006 toto
661 2955 743 3006 vetus
759 2955 788 3006 et
804 2956 939 3008 constans
954 2949 1064 3028 opinio,
1081 2965 1160 3009 esse

159 3034 187 3093 in
203 3032 269 3092 latis
283 3041 314 3091 nt
329 3048 366 3091 eo
380 3040 513 3109 tempore
529 3028 634 3090 Iudaea
649 3031 775 3108 proiecti
794 3048 890 3092 rerum
914 3035 1087 3110 potirentur.
1121 3032 1160 3093 Id
1202 3005 1203 3090 l

161 3114 196 3175 de
210 3117 387 3193 imperatore
402 3113 544 3192 Romano,
560 3123 693 3193 quantum
710 3124 812 3193 postea
825 3125 930 3176 eventu
943 3116 1046 3195 paruit,
1064 3135 1159 3195 prae·
1202 3125 1203 3178 t

162 3198 265 3258 dictum
278 3198 377 3259 ludaei
394 3198 429 3259 ad
446 3215 478 3258 se
494 3198 641 3258 trahentes
656 3198 842 3278 rebellarunt,
858 3217 1005 3280 caesoque
1022 3218 1145 3280 praepo

161 3280 217 3339 sito
233 3281 360 3359 legatum
376 3283 494 3360 insuper
511 3282 611 3357 Syriae
626 3283 808 3345 consularem
823 3287 973 3363 suppetias
995 3285 1159 3362 ferentem,
1170 3305 1203 3362 as

161 3370 242 3438 rapta
261 3365 372 3442 aquila,
392 3366 576 3442 fugaverunt.
610 3363 656 3425 Ad
680 3367 756 3427 hunc
778 3375 885 3426 unctum
904 3369 1160 3448 comprimendum
1202 3365 1203 3424 l

163 3461 224 3504 curo
241 3449 371 3506 exercitu
386 3449 525 3526 ampliore
540 3459 569 3509 et
584 3467 641 3510 non
657 3450 804 3511 instrenuo
819 3449 904 3529 duce,
921 3454 966 3512 cui
981 3461 1078 3512 tamen
1090 3463 1160 3514 tuto

160 3535 237 3587 tauta
252 3546 301 3587 res
318 3533 556 3607 committeretur,
573 3549 646 3610 opus
665 3544 759 3613 esset,
781 3536 846 3612 ipse
868 3537 1046 3614 potissimum
1069 3535 1162 3598 dele·
1202 3563 1203 3622 p
