<?xml version="1.0" encoding="UTF-8"?>
<!DOCTYPE html PUBLIC "-//W3C//DTD XHTML 1.0 Transitional//EN"
    "http://www.w3.org/TR/xhtml1/DTD/xhtml1-transitional.dtd">
<html xmlns="http://www.w3.org/1999/xhtml" xml:lang="en" lang="en">
 <head>
  <title>
</title>
<meta http-equiv="Content-Type" content="text/html;charset=utf-8" />
  <meta name='ocr-system' content='tesseract 3.04.00' />
  <meta name='ocr-capabilities' content='ocr_page ocr_carea ocr_par ocr_line ocrx_word'/>
</head>
<body>
  <div class='ocr_page' id='page_1' title='image "./csuetonitranqui00suetgoog_0254.png"; bbox 0 0 2466 3896; ppageno 0'>
   <div class='ocr_carea' id='block_1_1' title="bbox 394 266 1117 328">
    <p class='ocr_par' dir='ltr' id='par_1_1' title="bbox 394 266 1117 328">
     <span class='ocr_line' id='line_1_1' title="bbox 394 266 1117 328; baseline 0.018 -14"><span class='ocrx_word' id='word_1_1' title='bbox 394 279 397 290; x_wconf 89' lang='lat'>·</span> <span class='ocrx_word' id='word_1_2' title='bbox 500 269 531 316; x_wconf 88' lang='lat' dir='ltr'><strong>c.</strong></span> <span class='ocrx_word' id='word_1_3' title='bbox 554 269 740 321; x_wconf 69' lang='lat' dir='ltr'><strong>conrnune.</strong></span> <span class='ocrx_word' id='word_1_4' title='bbox 1058 266 1117 328; x_wconf 72' lang='lat'><strong>143</strong></span> 
     </span>
    </p>
   </div>
   <div class='ocr_carea' id='block_1_2' title="bbox 121 421 1116 587">
    <p class='ocr_par' dir='ltr' id='par_1_2' title="bbox 121 421 1116 587">
     <span class='ocr_line' id='line_1_2' title="bbox 121 421 1116 508; baseline 0.01 -26"><span class='ocrx_word' id='word_1_5' title='bbox 121 421 298 501; x_wconf 86' lang='lat' dir='ltr'><strong>peditionem</strong></span> <span class='ocrx_word' id='word_1_6' title='bbox 314 422 429 484; x_wconf 77' lang='lat' dir='ltr'><strong>assidue</strong></span> <span class='ocrx_word' id='word_1_7' title='bbox 455 425 598 502; x_wconf 85' lang='lat' dir='ltr'><strong>gestavit,</strong></span> <span class='ocrx_word' id='word_1_8' title='bbox 620 427 759 487; x_wconf 91' lang='lat' dir='ltr'><strong>interdum</strong></span> <span class='ocrx_word' id='word_1_9' title='bbox 784 438 813 488; x_wconf 91' lang='lat' dir='ltr'><strong>et</strong></span> <span class='ocrx_word' id='word_1_10' title='bbox 837 428 934 508; x_wconf 86' lang='lat' dir='ltr'><strong>llagni</strong></span> <span class='ocrx_word' id='word_1_11' title='bbox 958 428 1116 492; x_wconf 78' lang='lat' dir='ltr'>Alexandri</span> 
     </span>
     <span class='ocr_line' id='line_1_3' title="bbox 121 507 734 587; baseline 0.003 -20"><span class='ocrx_word' id='word_1_12' title='bbox 121 507 269 567; x_wconf 78' lang='lat' dir='ltr'><strong>thoracem</strong></span> <span class='ocrx_word' id='word_1_13' title='bbox 283 510 436 587; x_wconf 90' lang='lat' dir='ltr'><strong>repetitum</strong></span> <span class='ocrx_word' id='word_1_14' title='bbox 450 527 467 568; x_wconf 92' lang='lat' dir='ltr'><strong>e</strong></span> <span class='ocrx_word' id='word_1_15' title='bbox 484 509 645 569; x_wconf 90' lang='lat' dir='ltr'><strong>conditorio</strong></span> <span class='ocrx_word' id='word_1_16' title='bbox 664 513 734 571; x_wconf 90' lang='lat' dir='ltr'><strong>eius.</strong></span> 
     </span>
    </p>
   </div>
   <div class='ocr_carea' id='block_1_3' title="bbox 7 589 1158 1009">
    <p class='ocr_par' dir='ltr' id='par_1_3' title="bbox 7 589 1158 1009">
     <span class='ocr_line' id='line_1_4' title="bbox 23 589 1158 680; baseline 0.014 -32"><span class='ocrx_word' id='word_1_17' title='bbox 23 643 42 672; x_wconf 28' lang='grc' dir='ltr'><strong>μ</strong></span> <span class='ocrx_word' id='word_1_18' title='bbox 184 589 230 650; x_wconf 84' lang='lat' dir='ltr'><strong>Ex</strong></span> <span class='ocrx_word' id='word_1_19' title='bbox 247 589 406 670; x_wconf 88' lang='lat' dir='ltr'><strong>disciplinis</strong></span> <span class='ocrx_word' id='word_1_20' title='bbox 430 591 600 653; x_wconf 80' lang='lat' dir='ltr'><strong>liberalibus</strong></span> <span class='ocrx_word' id='word_1_21' title='bbox 622 596 764 655; x_wconf 88' lang='lat' dir='ltr'><strong>minimum</strong></span> <span class='ocrx_word' id='word_1_22' title='bbox 789 597 956 677; x_wconf 88' lang='lat' dir='ltr'><strong>eruditioni,</strong></span> <span class='ocrx_word' id='word_1_23' title='bbox 977 600 1114 680; x_wconf 88' lang='lat' dir='ltr'><strong>eloquen-</strong></span> <span class='ocrx_word' id='word_1_24' title='bbox 1124 611 1158 664; x_wconf 82' lang='grc'><strong>53</strong></span> 
     </span>
     <span class='ocr_line' id='line_1_5' title="bbox 10 673 1114 774; baseline 0.011 -41"><span class='ocrx_word' id='word_1_25' title='bbox 10 673 28 773; x_wconf 63' lang='lat' dir='ltr'><strong>Il</strong></span> <span class='ocrx_word' id='word_1_26' title='bbox 120 675 178 774; x_wconf 77' lang='lat' dir='ltr'><strong>tiae</strong></span> <span class='ocrx_word' id='word_1_27' title='bbox 197 673 346 773; x_wconf 81' lang='lat' dir='ltr'><strong>plurimum</strong></span> <span class='ocrx_word' id='word_1_28' title='bbox 371 675 507 752; x_wconf 85' lang='lat' dir='ltr'><strong>attendit,</strong></span> <span class='ocrx_word' id='word_1_29' title='bbox 543 681 721 756; x_wconf 89' lang='lat' dir='ltr'><strong>quantumvis</strong></span> <span class='ocrx_word' id='word_1_30' title='bbox 740 680 879 741; x_wconf 86' lang='lat' dir='ltr'><strong>facundus</strong></span> <span class='ocrx_word' id='word_1_31' title='bbox 895 691 932 742; x_wconf 78' lang='lat' dir='ltr'><strong>&#39;et</strong></span> <span class='ocrx_word' id='word_1_32' title='bbox 955 694 1114 764; x_wconf 89' lang='lat' dir='ltr'><strong>promptus,</strong></span> 
     </span>
     <span class='ocr_line' id='line_1_6' title="bbox 7 760 1115 1009; baseline 0.009 -190"><span class='ocrx_word' id='word_1_33' title='bbox 7 778 16 1009; x_wconf 78' lang='lat' dir='ltr'><strong>q</strong></span> <span class='ocrx_word' id='word_1_34' title='bbox 98 767 217 837; x_wconf 81' lang='lat' dir='ltr'><strong>cutrque</strong></span> <span class='ocrx_word' id='word_1_35' title='bbox 239 777 263 818; x_wconf 90' lang='lat' dir='ltr'><strong>sr</strong></span> <span class='ocrx_word' id='word_1_36' title='bbox 281 760 472 839; x_wconf 81' lang='lat' dir='ltr'><strong>perorandum</strong></span> <span class='ocrx_word' id='word_1_37' title='bbox 495 763 523 820; x_wconf 91' lang='lat' dir='ltr'><strong>in</strong></span> <span class='ocrx_word' id='word_1_38' title='bbox 544 761 668 840; x_wconf 89' lang='lat' dir='ltr'><strong>aliquem</strong></span> <span class='ocrx_word' id='word_1_39' title='bbox 692 773 779 823; x_wconf 91' lang='lat' dir='ltr'><strong>esset.</strong></span> <span class='ocrx_word' id='word_1_40' title='bbox 823 764 899 825; x_wconf 93' lang='lat' dir='ltr'><strong>lrato</strong></span> <span class='ocrx_word' id='word_1_41' title='bbox 923 776 952 826; x_wconf 93' lang='lat' dir='ltr'><strong>et</strong></span> <span class='ocrx_word' id='word_1_42' title='bbox 976 768 1066 828; x_wconf 86' lang='lat' dir='ltr'><strong>verba</strong></span> <span class='ocrx_word' id='word_1_43' title='bbox 1087 779 1115 829; x_wconf 90' lang='lat' dir='ltr'><strong>et</strong></span> 
     </span>
    </p>
   </div>
   <div class='ocr_carea' id='block_1_4' title="bbox 7 843 1152 3614">
    <p class='ocr_par' dir='ltr' id='par_1_4' title="bbox 7 843 1152 3614">
     <span class='ocr_line' id='line_1_7' title="bbox 120 843 1114 928; baseline 0.01 -26"><span class='ocrx_word' id='word_1_44' title='bbox 120 843 279 904; x_wconf 86' lang='lat' dir='ltr'><strong>sentcntiae</strong></span> <span class='ocrx_word' id='word_1_45' title='bbox 300 844 506 923; x_wconf 87' lang='lat' dir='ltr'><strong>suppetebant,</strong></span> <span class='ocrx_word' id='word_1_46' title='bbox 530 847 723 924; x_wconf 79' lang='lat' dir='ltr'><strong>pronuntiatio</strong></span> <span class='ocrx_word' id='word_1_47' title='bbox 740 864 855 926; x_wconf 90' lang='lat' dir='ltr'><strong>quoque</strong></span> <span class='ocrx_word' id='word_1_48' title='bbox 870 859 899 909; x_wconf 94' lang='lat' dir='ltr'><strong>et</strong></span> <span class='ocrx_word' id='word_1_49' title='bbox 914 868 987 928; x_wconf 83' lang='lat' dir='ltr'><strong>vox,</strong></span> <span class='ocrx_word' id='word_1_50' title='bbox 1017 861 1047 912; x_wconf 90' lang='lat' dir='ltr'><strong>ut</strong></span> <span class='ocrx_word' id='word_1_51' title='bbox 1065 871 1114 912; x_wconf 92' lang='lat' dir='ltr'><strong>ne-</strong></span> 
     </span>
     <span class='ocr_line' id='line_1_8' title="bbox 120 926 1114 1008; baseline 0.01 -22"><span class='ocrx_word' id='word_1_52' title='bbox 120 945 177 1005; x_wconf 91' lang='lat' dir='ltr'><strong>que</strong></span> <span class='ocrx_word' id='word_1_53' title='bbox 201 926 305 987; x_wconf 88' lang='lat' dir='ltr'><strong>eodem</strong></span> <span class='ocrx_word' id='word_1_54' title='bbox 332 929 391 989; x_wconf 93' lang='lat' dir='ltr'><strong>loci</strong></span> <span class='ocrx_word' id='word_1_55' title='bbox 416 947 486 1008; x_wconf 91' lang='lat' dir='ltr'><strong>prae</strong></span> <span class='ocrx_word' id='word_1_56' title='bbox 512 929 616 990; x_wconf 90' lang='lat' dir='ltr'><strong>ardore</strong></span> <span class='ocrx_word' id='word_1_57' title='bbox 644 933 817 990; x_wconf 85' lang='lat' dir='ltr'><strong>consisteret</strong></span> <span class='ocrx_word' id='word_1_58' title='bbox 845 940 874 992; x_wconf 96' lang='lat' dir='ltr'><strong>et</strong></span> <span class='ocrx_word' id='word_1_59' title='bbox 895 934 1114 996; x_wconf 81' lang='lat' dir='ltr'><strong>exaudiretnra</strong></span> 
     </span>
     <span class='ocr_line' id='line_1_9' title="bbox 29 1011 1115 1092; baseline 0.007 -22"><span class='ocrx_word' id='word_1_60' title='bbox 29 1043 35 1049; x_wconf 95' lang='lat'>·</span> <span class='ocrx_word' id='word_1_61' title='bbox 116 1011 222 1090; x_wconf 87' lang='lat' dir='ltr'><strong>procul</strong></span> <span class='ocrx_word' id='word_1_62' title='bbox 239 1012 387 1072; x_wconf 88' lang='lat' dir='ltr'><strong>stantibus.</strong></span> <span class='ocrx_word' id='word_1_63' title='bbox 431 1013 636 1092; x_wconf 87' lang='lat' dir='ltr'><strong>Peroraturus,</strong></span> <span class='ocrx_word' id='word_1_64' title='bbox 654 1015 830 1076; x_wconf 69' lang='lat' dir='ltr'><strong>sudaturam</strong></span> <span class='ocrx_word' id='word_1_65' title='bbox 844 1033 878 1076; x_wconf 88' lang='lat' dir='ltr'><strong>sc</strong></span> <span class='ocrx_word' id='word_1_66' title='bbox 892 1017 1115 1080; x_wconf 79' lang='lat' dir='ltr'><strong>lrrcubraiiouis</strong></span> 
     </span>
     <span class='ocr_line' id='line_1_10' title="bbox 29 1092 1114 1179; baseline 0.005 -23"><span class='ocrx_word' id='word_1_67' title='bbox 29 1092 31 1098; x_wconf 70' lang='grc'>’</span> <span class='ocrx_word' id='word_1_68' title='bbox 119 1095 310 1156; x_wconf 77' lang='lat' dir='ltr'><strong>sanctulum</strong></span> <span class='ocrx_word' id='word_1_69' title='bbox 331 1098 503 1164; x_wconf 83' lang='lat' dir='ltr'><strong>minabatur:</strong></span> <span class='ocrx_word' id='word_1_70' title='bbox 540 1098 633 1157; x_wconf 90' lang='lat' dir='ltr'><strong>lenius</strong></span> <span class='ocrx_word' id='word_1_71' title='bbox 659 1100 837 1176; x_wconf 90' lang='lat' dir='ltr'><strong>comtinsque</strong></span> <span class='ocrx_word' id='word_1_72' title='bbox 857 1101 1000 1161; x_wconf 88' lang='lat' dir='ltr'><strong>scribendi</strong></span> <span class='ocrx_word' id='word_1_73' title='bbox 1021 1119 1114 1179; x_wconf 87' lang='lat' dir='ltr'><strong>genus</strong></span> 
     </span>
     <span class='ocr_line' id='line_1_11' title="bbox 87 1178 1112 1262; baseline 0.008 -25"><span class='ocrx_word' id='word_1_74' title='bbox 87 1195 111 1237; x_wconf 82' lang='lat' dir='ltr'><strong>ro</strong></span> <span class='ocrx_word' id='word_1_75' title='bbox 121 1178 193 1240; x_wconf 87' lang='lat' dir='ltr'><strong>adeo</strong></span> <span class='ocrx_word' id='word_1_76' title='bbox 210 1189 414 1260; x_wconf 91' lang='lat' dir='ltr'><strong>contemnens,</strong></span> <span class='ocrx_word' id='word_1_77' title='bbox 441 1191 472 1241; x_wconf 92' lang='lat' dir='ltr'><strong>ut</strong></span> <span class='ocrx_word' id='word_1_78' title='bbox 485 1183 625 1242; x_wconf 90' lang='lat' dir='ltr'><strong>Senecam</strong></span> <span class='ocrx_word' id='word_1_79' title='bbox 639 1190 695 1241; x_wconf 91' lang='lat' dir='ltr'><strong>tum</strong></span> <span class='ocrx_word' id='word_1_80' title='bbox 717 1185 839 1244; x_wconf 86' lang='lat' dir='ltr'><strong>maxime</strong></span> <span class='ocrx_word' id='word_1_81' title='bbox 855 1183 1016 1262; x_wconf 82' lang='lat' dir='ltr'><strong>placentem</strong></span> <span class='ocrx_word' id='word_1_82' title='bbox 1032 1202 1112 1245; x_wconf 86' lang='lat' dir='ltr'><strong>com·</strong></span> 
     </span>
     <span class='ocr_line' id='line_1_12' title="bbox 119 1262 1114 1342; baseline 0.006 -18"><span class='ocrx_word' id='word_1_83' title='bbox 119 1262 282 1325; x_wconf 78' lang='lat' dir='ltr'><strong>missiones</strong></span> <span class='ocrx_word' id='word_1_84' title='bbox 294 1283 398 1325; x_wconf 85' lang='lat' dir='ltr'><strong>merus</strong></span> <span class='ocrx_word' id='word_1_85' title='bbox 417 1283 611 1342; x_wconf 90' lang='lat' dir='ltr'><strong>componere,</strong></span> <span class='ocrx_word' id='word_1_86' title='bbox 640 1275 670 1324; x_wconf 90' lang='lat' dir='ltr'><strong>et</strong></span> <span class='ocrx_word' id='word_1_87' title='bbox 685 1266 835 1327; x_wconf 84' lang='lat' dir='ltr'><strong>harenam</strong></span> <span class='ocrx_word' id='word_1_88' title='bbox 855 1284 923 1327; x_wconf 87' lang='lat' dir='ltr'><strong>esse</strong></span> <span class='ocrx_word' id='word_1_89' title='bbox 941 1268 1007 1329; x_wconf 84' lang='lat' dir='ltr'><strong>sinc</strong></span> <span class='ocrx_word' id='word_1_90' title='bbox 1028 1268 1114 1330; x_wconf 86' lang='lat' dir='ltr'><strong>cclcc</strong></span> 
     </span>
     <span class='ocr_line' id='line_1_13' title="bbox 120 1347 1112 1428; baseline 0.004 -20"><span class='ocrx_word' id='word_1_91' title='bbox 120 1347 238 1408; x_wconf 89' lang='lat' dir='ltr'><strong>diceret.</strong></span> <span class='ocrx_word' id='word_1_92' title='bbox 283 1349 404 1409; x_wconf 87' lang='lat' dir='ltr'><strong>Solebat</strong></span> <span class='ocrx_word' id='word_1_93' title='bbox 424 1351 509 1408; x_wconf 88' lang='lat' dir='ltr'><strong>etiam</strong></span> <span class='ocrx_word' id='word_1_94' title='bbox 529 1352 680 1428; x_wconf 90' lang='lat' dir='ltr'><strong>prosperis</strong></span> <span class='ocrx_word' id='word_1_95' title='bbox 708 1359 853 1410; x_wconf 90' lang='lat' dir='ltr'><strong>oratorum</strong></span> <span class='ocrx_word' id='word_1_96' title='bbox 881 1352 1041 1411; x_wconf 89' lang='lat' dir='ltr'><strong>actionibus</strong></span> <span class='ocrx_word' id='word_1_97' title='bbox 1067 1371 1112 1412; x_wconf 90' lang='lat' dir='ltr'><strong>re-</strong></span> 
     </span>
     <span class='ocr_line' id='line_1_14' title="bbox 119 1431 1111 1510; baseline 0.004 -18"><span class='ocrx_word' id='word_1_98' title='bbox 119 1431 249 1492; x_wconf 88' lang='lat' dir='ltr'><strong>scribere</strong></span> <span class='ocrx_word' id='word_1_99' title='bbox 265 1440 294 1492; x_wconf 90' lang='lat' dir='ltr'><strong>et</strong></span> <span class='ocrx_word' id='word_1_100' title='bbox 310 1450 478 1510; x_wconf 91' lang='lat' dir='ltr'><strong>magnorum</strong></span> <span class='ocrx_word' id='word_1_101' title='bbox 496 1435 526 1493; x_wconf 93' lang='lat' dir='ltr'><strong>in</strong></span> <span class='ocrx_word' id='word_1_102' title='bbox 542 1441 642 1492; x_wconf 89' lang='lat' dir='ltr'><strong>senatu</strong></span> <span class='ocrx_word' id='word_1_103' title='bbox 661 1451 777 1494; x_wconf 88' lang='lat' dir='ltr'><strong>reomm</strong></span> <span class='ocrx_word' id='word_1_104' title='bbox 796 1438 995 1496; x_wconf 87' lang='lat' dir='ltr'><strong>accusationes</strong></span> <span class='ocrx_word' id='word_1_105' title='bbox 1014 1436 1111 1496; x_wconf 88' lang='lat' dir='ltr'><strong>defen·</strong></span> 
     </span>
     <span class='ocr_line' id='line_1_15' title="bbox 8 1516 1112 1618; baseline 0.004 -43"><span class='ocrx_word' id='word_1_106' title='bbox 8 1537 36 1618; x_wconf 52' lang='lat' dir='ltr'><strong>,r</strong></span> <span class='ocrx_word' id='word_1_107' title='bbox 119 1518 275 1595; x_wconf 90' lang='lat' dir='ltr'><strong>sionesqne</strong></span> <span class='ocrx_word' id='word_1_108' title='bbox 299 1516 428 1577; x_wconf 92' lang='lat' dir='ltr'><strong>meditari</strong></span> <span class='ocrx_word' id='word_1_109' title='bbox 452 1535 502 1595; x_wconf 89' lang='lat' dir='ltr'><strong>ac,</strong></span> <span class='ocrx_word' id='word_1_110' title='bbox 530 1525 616 1596; x_wconf 91' lang='lat' dir='ltr'><strong>prout</strong></span> <span class='ocrx_word' id='word_1_111' title='bbox 643 1518 724 1578; x_wconf 93' lang='lat' dir='ltr'><strong>stilus</strong></span> <span class='ocrx_word' id='word_1_112' title='bbox 750 1528 895 1595; x_wconf 84' lang='lat' dir='ltr'><strong>cesserat,</strong></span> <span class='ocrx_word' id='word_1_113' title='bbox 921 1518 968 1579; x_wconf 88' lang='lat' dir='ltr'><strong>vel</strong></span> <span class='ocrx_word' id='word_1_114' title='bbox 989 1537 1112 1580; x_wconf 91' lang='lat' dir='ltr'><strong>onerare</strong></span> 
     </span>
     <span class='ocr_line' id='line_1_16' title="bbox 7 1599 1111 1718; baseline 0.005 -60"><span class='ocrx_word' id='word_1_115' title='bbox 7 1643 9 1718; x_wconf 52' lang='lat' dir='ltr'><strong>q</strong></span> <span class='ocrx_word' id='word_1_116' title='bbox 85 1601 259 1660; x_wconf 81' lang='lat' dir='ltr'><strong>resententia</strong></span> <span class='ocrx_word' id='word_1_117' title='bbox 282 1618 332 1661; x_wconf 88' lang='lat' dir='ltr'><strong>sua</strong></span> <span class='ocrx_word' id='word_1_118' title='bbox 348 1619 489 1680; x_wconf 91' lang='lat' dir='ltr'><strong>quemque</strong></span> <span class='ocrx_word' id='word_1_119' title='bbox 509 1601 557 1661; x_wconf 88' lang='lat' dir='ltr'><strong>vel</strong></span> <span class='ocrx_word' id='word_1_120' title='bbox 579 1599 747 1679; x_wconf 86' lang='lat' dir='ltr'><strong>sublevare,</strong></span> <span class='ocrx_word' id='word_1_121' title='bbox 777 1605 902 1682; x_wconf 81' lang='lat' dir='ltr'><strong>equestri</strong></span> <span class='ocrx_word' id='word_1_122' title='bbox 928 1621 1045 1684; x_wconf 91' lang='lat' dir='ltr'><strong>quoqne</strong></span> <span class='ocrx_word' id='word_1_123' title='bbox 1066 1621 1111 1663; x_wconf 94' lang='lat' dir='ltr'><strong>or·</strong></span> 
     </span>
     <span class='ocr_line' id='line_1_17' title="bbox 118 1682 734 1765; baseline 0.003 -21"><span class='ocrx_word' id='word_1_124' title='bbox 118 1685 184 1744; x_wconf 90' lang='lat' dir='ltr'><strong>dine</strong></span> <span class='ocrx_word' id='word_1_125' title='bbox 198 1682 233 1743; x_wconf 93' lang='lat' dir='ltr'><strong>ad</strong></span> <span class='ocrx_word' id='word_1_126' title='bbox 247 1683 414 1745; x_wconf 89' lang='lat' dir='ltr'><strong>audiendum</strong></span> <span class='ocrx_word' id='word_1_127' title='bbox 430 1687 548 1747; x_wconf 86' lang='lat' dir='ltr'><strong>invitato</strong></span> <span class='ocrx_word' id='word_1_128' title='bbox 563 1703 617 1765; x_wconf 90' lang='lat' dir='ltr'><strong>per</strong></span> <span class='ocrx_word' id='word_1_129' title='bbox 632 1685 734 1746; x_wconf 89' lang='lat' dir='ltr'><strong>edicta.</strong></span> 
     </span>
     <span class='ocr_line' id='line_1_18' title="bbox 7 1721 1152 1848; baseline 0.006 -20"><span class='ocrx_word' id='word_1_130' title='bbox 7 1721 9 1828; x_wconf 60' lang='lat' dir='ltr'><strong>d</strong></span> <span class='ocrx_word' id='word_1_131' title='bbox 181 1765 239 1827; x_wconf 90' lang='lat' dir='ltr'><strong>Sed</strong></span> <span class='ocrx_word' id='word_1_132' title='bbox 254 1777 283 1828; x_wconf 91' lang='lat' dir='ltr'><strong>et</strong></span> <span class='ocrx_word' id='word_1_133' title='bbox 297 1770 417 1830; x_wconf 87' lang='lat' dir='ltr'><strong>aliorum</strong></span> <span class='ocrx_word' id='word_1_134' title='bbox 431 1788 570 1848; x_wconf 82' lang='lat' dir='ltr'><strong>generum</strong></span> <span class='ocrx_word' id='word_1_135' title='bbox 583 1779 661 1830; x_wconf 87' lang='lat' dir='ltr'><strong>artes</strong></span> <span class='ocrx_word' id='word_1_136' title='bbox 682 1769 889 1831; x_wconf 88' lang='lat' dir='ltr'><strong>studiosissime</strong></span> <span class='ocrx_word' id='word_1_137' title='bbox 905 1781 934 1831; x_wconf 92' lang='lat' dir='ltr'><strong>et</strong></span> <span class='ocrx_word' id='word_1_138' title='bbox 949 1771 1108 1832; x_wconf 88' lang='lat' dir='ltr'><strong>diversissi·</strong></span> <span class='ocrx_word' id='word_1_139' title='bbox 1118 1780 1152 1836; x_wconf 79' lang='lat' dir='ltr'><strong>nt</strong></span> 
     </span>
     <span class='ocr_line' id='line_1_19' title="bbox 7 1851 1109 1934; baseline 0.004 -22"><span class='ocrx_word' id='word_1_140' title='bbox 7 1851 40 1924; x_wconf 71' lang='lat' dir='ltr'><strong>l-</strong></span> <span class='ocrx_word' id='word_1_141' title='bbox 117 1869 178 1913; x_wconf 88' lang='lat' dir='ltr'><strong>mas</strong></span> <span class='ocrx_word' id='word_1_142' title='bbox 193 1854 333 1912; x_wconf 86' lang='lat' dir='ltr'><strong>exercuit.</strong></span> <span class='ocrx_word' id='word_1_143' title='bbox 377 1852 475 1914; x_wconf 83' lang='lat' dir='ltr'><strong>Threx</strong></span> <span class='ocrx_word' id='word_1_144' title='bbox 489 1864 519 1914; x_wconf 87' lang='lat' dir='ltr'><strong>et</strong></span> <span class='ocrx_word' id='word_1_145' title='bbox 532 1855 645 1932; x_wconf 84' lang='lat' dir='ltr'><strong>auriga,</strong></span> <span class='ocrx_word' id='word_1_146' title='bbox 674 1854 748 1914; x_wconf 94' lang='lat' dir='ltr'><strong>idem</strong></span> <span class='ocrx_word' id='word_1_147' title='bbox 765 1865 864 1914; x_wconf 90' lang='lat' dir='ltr'><strong>cantor</strong></span> <span class='ocrx_word' id='word_1_148' title='bbox 881 1865 965 1934; x_wconf 90' lang='lat' dir='ltr'><strong>atque</strong></span> <span class='ocrx_word' id='word_1_149' title='bbox 980 1856 1109 1933; x_wconf 87' lang='lat' dir='ltr'><strong>saltator,</strong></span> 
     </span>
     <span class='ocr_line' id='line_1_20' title="bbox 117 1934 1109 2018; baseline 0.003 -22"><span class='ocrx_word' id='word_1_150' title='bbox 117 1934 268 1998; x_wconf 86' lang='lat' dir='ltr'><strong>battuebat</strong></span> <span class='ocrx_word' id='word_1_151' title='bbox 282 1939 461 2016; x_wconf 81' lang='lat' dir='ltr'><strong>pugnatoriis</strong></span> <span class='ocrx_word' id='word_1_152' title='bbox 482 1939 583 2015; x_wconf 88' lang='lat' dir='ltr'><strong>armis,</strong></span> <span class='ocrx_word' id='word_1_153' title='bbox 613 1938 762 2016; x_wconf 85' lang='lat' dir='ltr'><strong>aurigabat</strong></span> <span class='ocrx_word' id='word_1_154' title='bbox 784 1948 915 1999; x_wconf 80' lang='lat' dir='ltr'><strong>extructo</strong></span> <span class='ocrx_word' id='word_1_155' title='bbox 935 1940 1109 2018; x_wconf 85' lang='lat' dir='ltr'><strong>plurifariam</strong></span> 
     </span>
     <span class='ocr_line' id='line_1_21' title="bbox 81 2020 1110 2100; baseline -0.002 -16"><span class='ocrx_word' id='word_1_156' title='bbox 81 2041 108 2084; x_wconf 84' lang='lat' dir='ltr'><strong>to</strong></span> <span class='ocrx_word' id='word_1_157' title='bbox 120 2023 216 2089; x_wconf 86' lang='lat' dir='ltr'><strong>circo;</strong></span> <span class='ocrx_word' id='word_1_158' title='bbox 248 2020 367 2081; x_wconf 88' lang='lat' dir='ltr'><strong>canendi</strong></span> <span class='ocrx_word' id='word_1_159' title='bbox 388 2039 423 2081; x_wconf 90' lang='lat' dir='ltr'><strong>ac</strong></span> <span class='ocrx_word' id='word_1_160' title='bbox 443 2020 562 2081; x_wconf 91' lang='lat' dir='ltr'><strong>saltandi</strong></span> <span class='ocrx_word' id='word_1_161' title='bbox 583 2022 730 2100; x_wconf 85' lang='lat' dir='ltr'><strong>voluptate</strong></span> <span class='ocrx_word' id='word_1_162' title='bbox 750 2022 788 2082; x_wconf 91' lang='lat' dir='ltr'><strong>ita</strong></span> <span class='ocrx_word' id='word_1_163' title='bbox 811 2021 1000 2099; x_wconf 83' lang='lat' dir='ltr'><strong>efferebatur,</strong></span> <span class='ocrx_word' id='word_1_164' title='bbox 1029 2031 1060 2081; x_wconf 88' lang='lat' dir='ltr'><strong>ut</strong></span> <span class='ocrx_word' id='word_1_165' title='bbox 1073 2041 1110 2082; x_wconf 90' lang='lat' dir='ltr'><strong>uo</strong></span> 
     </span>
     <span class='ocr_line' id='line_1_22' title="bbox 118 2103 1110 2185; baseline 0.001 -21"><span class='ocrx_word' id='word_1_166' title='bbox 118 2103 242 2185; x_wconf 91' lang='lat' dir='ltr'><strong>publicis</strong></span> <span class='ocrx_word' id='word_1_167' title='bbox 273 2103 385 2183; x_wconf 90' lang='lat' dir='ltr'><strong>quidem</strong></span> <span class='ocrx_word' id='word_1_168' title='bbox 411 2105 586 2185; x_wconf 85' lang='lat' dir='ltr'><strong>spectaculis</strong></span> <span class='ocrx_word' id='word_1_169' title='bbox 615 2113 789 2183; x_wconf 86' lang='lat' dir='ltr'><strong>temperaret</strong></span> <span class='ocrx_word' id='word_1_170' title='bbox 817 2122 873 2184; x_wconf 91' lang='lat' dir='ltr'><strong>quo</strong></span> <span class='ocrx_word' id='word_1_171' title='bbox 894 2106 986 2164; x_wconf 91' lang='lat' dir='ltr'><strong>minus</strong></span> <span class='ocrx_word' id='word_1_172' title='bbox 1005 2115 1035 2164; x_wconf 90' lang='lat' dir='ltr'><strong>et</strong></span> <span class='ocrx_word' id='word_1_173' title='bbox 1055 2115 1110 2165; x_wconf 90' lang='lat' dir='ltr'><strong>tra·</strong></span> 
     </span>
     <span class='ocr_line' id='line_1_23' title="bbox 117 2186 1110 2268; baseline 0.001 -20"><span class='ocrx_word' id='word_1_174' title='bbox 117 2186 216 2266; x_wconf 88' lang='lat' dir='ltr'><strong>goedo</strong></span> <span class='ocrx_word' id='word_1_175' title='bbox 243 2191 436 2268; x_wconf 90' lang='lat' dir='ltr'><strong>pronuntianti</strong></span> <span class='ocrx_word' id='word_1_176' title='bbox 462 2189 643 2265; x_wconf 88' lang='lat' dir='ltr'><strong>concineret,</strong></span> <span class='ocrx_word' id='word_1_177' title='bbox 672 2195 702 2247; x_wconf 92' lang='lat' dir='ltr'><strong>et</strong></span> <span class='ocrx_word' id='word_1_178' title='bbox 725 2197 838 2264; x_wconf 88' lang='lat' dir='ltr'><strong>gestum</strong></span> <span class='ocrx_word' id='word_1_179' title='bbox 861 2187 1007 2248; x_wconf 90' lang='lat' dir='ltr'><strong>histrionis</strong></span> <span class='ocrx_word' id='word_1_180' title='bbox 1030 2189 1110 2267; x_wconf 90' lang='lat' dir='ltr'><strong>qnasi</strong></span> 
     </span>
     <span class='ocr_line' id='line_1_24' title="bbox 28 2270 1110 2352; baseline 0 -20"><span class='ocrx_word' id='word_1_181' title='bbox 28 2299 36 2332; x_wconf 65' lang='lat' dir='ltr'><strong>s</strong></span> <span class='ocrx_word' id='word_1_182' title='bbox 116 2271 236 2333; x_wconf 89' lang='lat' dir='ltr'><strong>laudans</strong></span> <span class='ocrx_word' id='word_1_183' title='bbox 254 2272 303 2332; x_wconf 86' lang='lat' dir='ltr'><strong>vel</strong></span> <span class='ocrx_word' id='word_1_184' title='bbox 324 2274 475 2350; x_wconf 89' lang='lat' dir='ltr'><strong>corrigens</strong></span> <span class='ocrx_word' id='word_1_185' title='bbox 495 2272 590 2352; x_wconf 88' lang='lat' dir='ltr'><strong>palam</strong></span> <span class='ocrx_word' id='word_1_186' title='bbox 609 2272 772 2348; x_wconf 77' lang='lat' dir='ltr'><strong>effingeret.</strong></span> <span class='ocrx_word' id='word_1_187' title='bbox 816 2270 878 2331; x_wconf 90' lang='lat' dir='ltr'><strong>Nec</strong></span> <span class='ocrx_word' id='word_1_188' title='bbox 893 2272 948 2332; x_wconf 91' lang='lat' dir='ltr'><strong>alia</strong></span> <span class='ocrx_word' id='word_1_189' title='bbox 969 2270 1004 2331; x_wconf 90' lang='lat' dir='ltr'><strong>de</strong></span> <span class='ocrx_word' id='word_1_190' title='bbox 1024 2289 1110 2332; x_wconf 87' lang='lat' dir='ltr'><strong>causa</strong></span> 
     </span>
     <span class='ocr_line' id='line_1_25' title="bbox 9 2353 1111 2436; baseline -0.001 -20"><span class='ocrx_word' id='word_1_191' title='bbox 9 2354 14 2366; x_wconf 82' lang='grc'><strong>“</strong></span> <span class='ocrx_word' id='word_1_192' title='bbox 117 2356 231 2417; x_wconf 88' lang='lat' dir='ltr'><strong>videtur</strong></span> <span class='ocrx_word' id='word_1_193' title='bbox 252 2373 289 2416; x_wconf 93' lang='lat' dir='ltr'><strong>eo</strong></span> <span class='ocrx_word' id='word_1_194' title='bbox 311 2356 372 2434; x_wconf 89' lang='lat' dir='ltr'><strong>die,</strong></span> <span class='ocrx_word' id='word_1_195' title='bbox 403 2374 461 2436; x_wconf 92' lang='lat' dir='ltr'><strong>quo</strong></span> <span class='ocrx_word' id='word_1_196' title='bbox 481 2359 582 2435; x_wconf 91' lang='lat' dir='ltr'><strong>periit,</strong></span> <span class='ocrx_word' id='word_1_197' title='bbox 613 2354 796 2434; x_wconf 84' lang='lat' dir='ltr'><strong>pervigilium</strong></span> <span class='ocrx_word' id='word_1_198' title='bbox 816 2353 953 2416; x_wconf 83' lang='lat' dir='ltr'><strong>indixisse</strong></span> <span class='ocrx_word' id='word_1_199' title='bbox 978 2373 1060 2435; x_wconf 89' lang='lat' dir='ltr'><strong>quam</strong></span> <span class='ocrx_word' id='word_1_200' title='bbox 1080 2364 1111 2416; x_wconf 90' lang='lat' dir='ltr'><strong>ut</strong></span> 
     </span>
     <span class='ocr_line' id='line_1_26' title="bbox 81 2439 1109 2520; baseline -0.003 -19"><span class='ocrx_word' id='word_1_201' title='bbox 81 2467 108 2508; x_wconf 70' lang='lat'><strong>25</strong></span> <span class='ocrx_word' id='word_1_202' title='bbox 116 2441 224 2501; x_wconf 89' lang='lat' dir='ltr'><strong>initium</strong></span> <span class='ocrx_word' id='word_1_203' title='bbox 244 2442 272 2499; x_wconf 93' lang='lat' dir='ltr'><strong>in</strong></span> <span class='ocrx_word' id='word_1_204' title='bbox 288 2457 409 2501; x_wconf 73' lang='lat' dir='ltr'><strong>&#39;scenam</strong></span> <span class='ocrx_word' id='word_1_205' title='bbox 429 2440 588 2520; x_wconf 88' lang='lat' dir='ltr'><strong>prodeundi</strong></span> <span class='ocrx_word' id='word_1_206' title='bbox 611 2440 725 2502; x_wconf 87' lang='lat' dir='ltr'><strong>licentio</strong></span> <span class='ocrx_word' id='word_1_207' title='bbox 749 2439 887 2518; x_wconf 89' lang='lat' dir='ltr'><strong>temporis</strong></span> <span class='ocrx_word' id='word_1_208' title='bbox 904 2440 1109 2520; x_wconf 86' lang='lat' dir='ltr'><strong>auspicaretur.</strong></span> 
     </span>
     <span class='ocr_line' id='line_1_27' title="bbox 117 2522 1109 2603; baseline -0.003 -18"><span class='ocrx_word' id='word_1_209' title='bbox 117 2523 246 2585; x_wconf 87' lang='lat' dir='ltr'><strong>Saltabat</strong></span> <span class='ocrx_word' id='word_1_210' title='bbox 266 2532 359 2584; x_wconf 88' lang='lat' dir='ltr'><strong>autem</strong></span> <span class='ocrx_word' id='word_1_211' title='bbox 375 2541 583 2603; x_wconf 82' lang='lat' dir='ltr'><strong>nonnumquam</strong></span> <span class='ocrx_word' id='word_1_212' title='bbox 605 2525 689 2584; x_wconf 88' lang='lat' dir='ltr'><strong>etiam</strong></span> <span class='ocrx_word' id='word_1_213' title='bbox 715 2532 816 2594; x_wconf 89' lang='lat' dir='ltr'><strong>noctn;</strong></span> <span class='ocrx_word' id='word_1_214' title='bbox 840 2532 869 2582; x_wconf 91' lang='lat' dir='ltr'><strong>et</strong></span> <span class='ocrx_word' id='word_1_215' title='bbox 891 2522 1031 2601; x_wconf 89' lang='lat' dir='ltr'><strong>qnondam</strong></span> <span class='ocrx_word' id='word_1_216' title='bbox 1050 2533 1109 2584; x_wconf 90' lang='lat' dir='ltr'><strong>tres</strong></span> 
     </span>
     <span class='ocr_line' id='line_1_28' title="bbox 8 2607 1111 2686; baseline -0.003 -17"><span class='ocrx_word' id='word_1_217' title='bbox 8 2619 11 2644; x_wconf 63' lang='lat' dir='ltr'><strong>l</strong></span> <span class='ocrx_word' id='word_1_218' title='bbox 118 2607 288 2669; x_wconf 87' lang='lat' dir='ltr'><strong>consulares</strong></span> <span class='ocrx_word' id='word_1_219' title='bbox 314 2608 554 2685; x_wconf 81' lang='lat' dir='ltr'><strong>secundauigilia</strong></span> <span class='ocrx_word' id='word_1_220' title='bbox 579 2610 608 2668; x_wconf 89' lang='lat' dir='ltr'><strong>in</strong></span> <span class='ocrx_word' id='word_1_221' title='bbox 633 2607 769 2668; x_wconf 88' lang='lat' dir='ltr'><strong>Palatium</strong></span> <span class='ocrx_word' id='word_1_222' title='bbox 793 2609 903 2667; x_wconf 91' lang='lat' dir='ltr'><strong>accitos</strong></span> <span class='ocrx_word' id='word_1_223' title='bbox 919 2607 1063 2686; x_wconf 89' lang='lat' dir='ltr'><strong>multaque</strong></span> <span class='ocrx_word' id='word_1_224' title='bbox 1081 2615 1111 2666; x_wconf 89' lang='lat' dir='ltr'><strong>et</strong></span> 
     </span>
     <span class='ocr_line' id='line_1_29' title="bbox 117 2691 1109 2773; baseline -0.006 -19"><span class='ocrx_word' id='word_1_225' title='bbox 117 2701 247 2754; x_wconf 85' lang='lat' dir='ltr'><strong>extrema</strong></span> <span class='ocrx_word' id='word_1_226' title='bbox 266 2694 418 2752; x_wconf 91' lang='lat' dir='ltr'><strong>metuentis</strong></span> <span class='ocrx_word' id='word_1_227' title='bbox 441 2711 528 2773; x_wconf 87' lang='lat' dir='ltr'><strong>super</strong></span> <span class='ocrx_word' id='word_1_228' title='bbox 553 2692 692 2773; x_wconf 89' lang='lat' dir='ltr'><strong>pulpitum</strong></span> <span class='ocrx_word' id='word_1_229' title='bbox 719 2691 900 2768; x_wconf 86' lang='lat' dir='ltr'><strong>conlocarit,</strong></span> <span class='ocrx_word' id='word_1_230' title='bbox 936 2691 1038 2750; x_wconf 90' lang='lat' dir='ltr'><strong>deinde</strong></span> <span class='ocrx_word' id='word_1_231' title='bbox 1064 2708 1109 2748; x_wconf 94' lang='lat' dir='ltr'><strong>re·</strong></span> 
     </span>
     <span class='ocr_line' id='line_1_30' title="bbox 117 2774 1109 2856; baseline -0.005 -20"><span class='ocrx_word' id='word_1_232' title='bbox 117 2785 205 2856; x_wconf 91' lang='lat' dir='ltr'><strong>pente</strong></span> <span class='ocrx_word' id='word_1_233' title='bbox 220 2793 325 2854; x_wconf 87' lang='lat' dir='ltr'><strong>magno</strong></span> <span class='ocrx_word' id='word_1_234' title='bbox 341 2776 471 2838; x_wconf 92' lang='lat' dir='ltr'><strong>tibiarum</strong></span> <span class='ocrx_word' id='word_1_235' title='bbox 486 2784 515 2836; x_wconf 92' lang='lat' dir='ltr'><strong>et</strong></span> <span class='ocrx_word' id='word_1_236' title='bbox 534 2775 727 2837; x_wconf 90' lang='lat' dir='ltr'><strong>scabellorum</strong></span> <span class='ocrx_word' id='word_1_237' title='bbox 745 2776 856 2854; x_wconf 91' lang='lat' dir='ltr'><strong>crepitu</strong></span> <span class='ocrx_word' id='word_1_238' title='bbox 872 2792 934 2835; x_wconf 89' lang='lat' dir='ltr'><strong>cum</strong></span> <span class='ocrx_word' id='word_1_239' title='bbox 948 2775 1025 2855; x_wconf 89' lang='lat' dir='ltr'><strong>palla</strong></span> <span class='ocrx_word' id='word_1_240' title='bbox 1039 2774 1109 2832; x_wconf 92' lang='lat' dir='ltr'><strong>turri-</strong></span> 
     </span>
     <span class='ocr_line' id='line_1_31' title="bbox 81 2855 1111 2940; baseline -0.008 -18"><span class='ocrx_word' id='word_1_241' title='bbox 81 2878 209 2940; x_wconf 86' lang='lat' dir='ltr'><strong>eocaque</strong></span> <span class='ocrx_word' id='word_1_242' title='bbox 230 2860 312 2921; x_wconf 89' lang='lat' dir='ltr'><strong>talari</strong></span> <span class='ocrx_word' id='word_1_243' title='bbox 333 2860 466 2940; x_wconf 90' lang='lat' dir='ltr'><strong>prosiluit</strong></span> <span class='ocrx_word' id='word_1_244' title='bbox 486 2879 521 2922; x_wconf 88' lang='lat' dir='ltr'><strong>ac</strong></span> <span class='ocrx_word' id='word_1_245' title='bbox 542 2859 682 2920; x_wconf 91' lang='lat' dir='ltr'><strong>desaltato</strong></span> <span class='ocrx_word' id='word_1_246' title='bbox 705 2861 816 2920; x_wconf 90' lang='lat' dir='ltr'><strong>cantico</strong></span> <span class='ocrx_word' id='word_1_247' title='bbox 831 2858 908 2920; x_wconf 90' lang='lat' dir='ltr'><strong>abiit.</strong></span> <span class='ocrx_word' id='word_1_248' title='bbox 951 2857 1047 2935; x_wconf 75' lang='lat' dir='ltr'><strong>Atque</strong></span> <span class='ocrx_word' id='word_1_249' title='bbox 1064 2855 1111 2915; x_wconf 93' lang='lat' dir='ltr'><strong>hic</strong></span> 
     </span>
     <span class='ocr_line' id='line_1_32' title="bbox 116 2943 1078 3006; baseline -0.003 -2"><span class='ocrx_word' id='word_1_250' title='bbox 116 2953 173 3005; x_wconf 88' lang='lat' dir='ltr'><strong>tam</strong></span> <span class='ocrx_word' id='word_1_251' title='bbox 188 2943 290 3005; x_wconf 89' lang='lat' dir='ltr'><strong>docilis</strong></span> <span class='ocrx_word' id='word_1_252' title='bbox 306 2945 342 3005; x_wconf 90' lang='lat' dir='ltr'><strong>ad</strong></span> <span class='ocrx_word' id='word_1_253' title='bbox 356 2954 453 3006; x_wconf 88' lang='lat' dir='ltr'><strong>cetera</strong></span> <span class='ocrx_word' id='word_1_254' title='bbox 467 2952 567 3005; x_wconf 89' lang='lat' dir='ltr'><strong>natare</strong></span> <span class='ocrx_word' id='word_1_255' title='bbox 580 2944 691 3005; x_wconf 90' lang='lat' dir='ltr'><strong>nesciit.</strong></span> <span class='ocrx_word' id='word_1_256' title='bbox 838 2951 841 2958; x_wconf 87' lang='lat'>&#39;</span> <span class='ocrx_word' id='word_1_257' title='bbox 1074 2979 1078 2984; x_wconf 90' lang='lat'>-</span> 
     </span>
     <span class='ocr_line' id='line_1_33' title="bbox 180 3022 1151 3104; baseline -0.001 -15"><span class='ocrx_word' id='word_1_258' title='bbox 180 3028 306 3103; x_wconf 81' lang='lat' dir='ltr'><strong>Quorum</strong></span> <span class='ocrx_word' id='word_1_259' title='bbox 320 3047 393 3090; x_wconf 83' lang='lat' dir='ltr'><strong>vero</strong></span> <span class='ocrx_word' id='word_1_260' title='bbox 414 3029 508 3090; x_wconf 89' lang='lat' dir='ltr'><strong>studio</strong></span> <span class='ocrx_word' id='word_1_261' title='bbox 525 3038 687 3104; x_wconf 89' lang='lat' dir='ltr'><strong>teneretur,</strong></span> <span class='ocrx_word' id='word_1_262' title='bbox 716 3027 846 3087; x_wconf 91' lang='lat' dir='ltr'><strong>omnibus</strong></span> <span class='ocrx_word' id='word_1_263' title='bbox 866 3026 902 3085; x_wconf 88' lang='lat' dir='ltr'><strong>ad</strong></span> <span class='ocrx_word' id='word_1_264' title='bbox 920 3025 1055 3085; x_wconf 86' lang='lat' dir='ltr'><strong>insaniam</strong></span> <span class='ocrx_word' id='word_1_265' title='bbox 1069 3022 1151 3090; x_wconf 72' lang='lat' dir='ltr'><strong>laon</strong></span> 
     </span>
     <span class='ocr_line' id='line_1_34' title="bbox 8 3105 1109 3194; baseline -0.005 -24"><span class='ocrx_word' id='word_1_266' title='bbox 8 3107 11 3170; x_wconf 71' lang='grc' dir='ltr'>ζ</span> <span class='ocrx_word' id='word_1_267' title='bbox 45 3111 51 3126; x_wconf 50' lang='lat'><em>³</em></span> <span class='ocrx_word' id='word_1_268' title='bbox 115 3113 166 3174; x_wconf 82' lang='lat' dir='ltr'><strong>vit.</strong></span> <span class='ocrx_word' id='word_1_269' title='bbox 210 3113 386 3174; x_wconf 80' lang='lat' dir='ltr'><strong>Mnesterem</strong></span> <span class='ocrx_word' id='word_1_270' title='bbox 404 3115 606 3194; x_wconf 88' lang='lat' dir='ltr'><strong>pantomimum</strong></span> <span class='ocrx_word' id='word_1_271' title='bbox 623 3113 708 3173; x_wconf 89' lang='lat' dir='ltr'><strong>etiam</strong></span> <span class='ocrx_word' id='word_1_272' title='bbox 724 3111 799 3170; x_wconf 92' lang='lat' dir='ltr'><strong>inter</strong></span> <span class='ocrx_word' id='word_1_273' title='bbox 814 3107 982 3189; x_wconf 90' lang='lat' dir='ltr'><strong>spectacula</strong></span> <span class='ocrx_word' id='word_1_274' title='bbox 998 3105 1109 3166; x_wconf 89' lang='lat' dir='ltr'><strong>oscula·</strong></span> 
     </span>
     <span class='ocr_line' id='line_1_35' title="bbox 115 3189 1110 3278; baseline -0.009 -22"><span class='ocrx_word' id='word_1_275' title='bbox 115 3197 216 3275; x_wconf 86' lang='lat' dir='ltr'><strong>batur,</strong></span> <span class='ocrx_word' id='word_1_276' title='bbox 245 3215 279 3258; x_wconf 89' lang='lat' dir='ltr'><strong>ac</strong></span> <span class='ocrx_word' id='word_1_277' title='bbox 294 3199 318 3258; x_wconf 89' lang='lat' dir='ltr'><strong>si</strong></span> <span class='ocrx_word' id='word_1_278' title='bbox 333 3199 380 3278; x_wconf 92' lang='lat' dir='ltr'><strong>qni</strong></span> <span class='ocrx_word' id='word_1_279' title='bbox 402 3199 524 3259; x_wconf 90' lang='lat' dir='ltr'><strong>saltante</strong></span> <span class='ocrx_word' id='word_1_280' title='bbox 539 3214 575 3257; x_wconf 92' lang='lat' dir='ltr'><strong>eo</strong></span> <span class='ocrx_word' id='word_1_281' title='bbox 595 3197 643 3256; x_wconf 85' lang='lat' dir='ltr'><strong>vel</strong></span> <span class='ocrx_word' id='word_1_282' title='bbox 660 3196 764 3255; x_wconf 84' lang='lat' dir='ltr'><strong>leviter</strong></span> <span class='ocrx_word' id='word_1_283' title='bbox 780 3193 979 3272; x_wconf 86' lang='lat' dir='ltr'><strong>obstreperet,</strong></span> <span class='ocrx_word' id='word_1_284' title='bbox 1002 3189 1110 3250; x_wconf 88' lang='lat' dir='ltr'><strong>detrahi</strong></span> 
     </span>
     <span class='ocr_line' id='line_1_36' title="bbox 80 3276 1109 3360; baseline -0.005 -23"><span class='ocrx_word' id='word_1_285' title='bbox 80 3294 106 3336; x_wconf 77' lang='lat' dir='ltr'><strong>aa</strong></span> <span class='ocrx_word' id='word_1_286' title='bbox 116 3283 223 3342; x_wconf 89' lang='lat' dir='ltr'><strong>iussum</strong></span> <span class='ocrx_word' id='word_1_287' title='bbox 237 3300 320 3342; x_wconf 91' lang='lat' dir='ltr'><strong>manu</strong></span> <span class='ocrx_word' id='word_1_288' title='bbox 335 3300 385 3343; x_wconf 90' lang='lat' dir='ltr'><strong>sua</strong></span> <span class='ocrx_word' id='word_1_289' title='bbox 399 3281 574 3360; x_wconf 87' lang='lat' dir='ltr'><strong>flagellabat.</strong></span> <span class='ocrx_word' id='word_1_290' title='bbox 618 3279 715 3359; x_wconf 83' lang='lat' dir='ltr'><strong>Equiti</strong></span> <span class='ocrx_word' id='word_1_291' title='bbox 735 3276 960 3340; x_wconf 66' lang='lat' dir='ltr'><strong>latrocinanti</strong></span> <span class='ocrx_word' id='word_1_292' title='bbox 977 3293 1030 3354; x_wconf 90' lang='lat' dir='ltr'><strong>per</strong></span> <span class='ocrx_word' id='word_1_293' title='bbox 1045 3290 1109 3334; x_wconf 90' lang='lat' dir='ltr'><strong>cen-</strong></span> 
     </span>
     <span class='ocr_line' id='line_1_37' title="bbox 117 3359 1111 3444; baseline -0.009 -20"><span class='ocrx_word' id='word_1_294' title='bbox 117 3367 258 3426; x_wconf 86' lang='lat' dir='ltr'><strong>turionem</strong></span> <span class='ocrx_word' id='word_1_295' title='bbox 274 3365 464 3444; x_wconf 86' lang='lat' dir='ltr'><strong>denuntiavit,</strong></span> <span class='ocrx_word' id='word_1_296' title='bbox 494 3365 587 3426; x_wconf 89' lang='lat' dir='ltr'><strong>abiret</strong></span> <span class='ocrx_word' id='word_1_297' title='bbox 607 3367 667 3425; x_wconf 89' lang='lat' dir='ltr'><strong>sine</strong></span> <span class='ocrx_word' id='word_1_298' title='bbox 686 3380 767 3422; x_wconf 91' lang='lat' dir='ltr'><strong>mora</strong></span> <span class='ocrx_word' id='word_1_299' title='bbox 783 3361 890 3421; x_wconf 86' lang='lat' dir='ltr'><strong>Ostiam</strong></span> <span class='ocrx_word' id='word_1_300' title='bbox 909 3359 1111 3438; x_wconf 87' lang='lat' dir='ltr'><strong>perferretque</strong></span> 
     </span>
     <span class='ocr_line' id='line_1_38' title="bbox 116 3445 1110 3528; baseline -0.012 -18"><span class='ocrx_word' id='word_1_301' title='bbox 116 3449 152 3510; x_wconf 80' lang='lat' dir='ltr'><strong>ad</strong></span> <span class='ocrx_word' id='word_1_302' title='bbox 168 3449 363 3512; x_wconf 89' lang='lat' dir='ltr'><strong>Ptolemaeum</strong></span> <span class='ocrx_word' id='word_1_303' title='bbox 376 3468 478 3528; x_wconf 85' lang='lat' dir='ltr'><strong>regem</strong></span> <span class='ocrx_word' id='word_1_304' title='bbox 494 3452 522 3510; x_wconf 91' lang='lat' dir='ltr'><strong>in</strong></span> <span class='ocrx_word' id='word_1_305' title='bbox 537 3449 731 3510; x_wconf 81' lang='lat' dir='ltr'><strong>Mauritaniam</strong></span> <span class='ocrx_word' id='word_1_306' title='bbox 755 3445 908 3506; x_wconf 92' lang='lat' dir='ltr'><strong>codicillos</strong></span> <span class='ocrx_word' id='word_1_307' title='bbox 922 3459 1006 3508; x_wconf 85' lang='lat' dir='ltr'><strong>snos:</strong></span> <span class='ocrx_word' id='word_1_308' title='bbox 1040 3457 1110 3520; x_wconf 90' lang='lat' dir='ltr'><strong>quo-</strong></span> 
     </span>
     <span class='ocr_line' id='line_1_39' title="bbox 7 3523 1110 3614; baseline -0.004 -26"><span class='ocrx_word' id='word_1_309' title='bbox 7 3531 35 3588; x_wconf 68' lang='lat' dir='ltr'><strong>i·</strong></span> <span class='ocrx_word' id='word_1_310' title='bbox 115 3551 177 3595; x_wconf 88' lang='lat' dir='ltr'><strong>rum</strong></span> <span class='ocrx_word' id='word_1_311' title='bbox 195 3533 357 3614; x_wconf 83' lang='lat' dir='ltr'><strong>exemplum</strong></span> <span class='ocrx_word' id='word_1_312' title='bbox 374 3543 452 3595; x_wconf 88' lang='lat' dir='ltr'><strong>erat:</strong></span> <span class='ocrx_word' id='word_1_313' title='bbox 481 3531 523 3594; x_wconf 79' lang='lat' dir='ltr'><strong>lli</strong></span> <span class='ocrx_word' id='word_1_314' title='bbox 535 3551 621 3613; x_wconf 86' lang='lat' dir='ltr'><strong>quem</strong></span> <span class='ocrx_word' id='word_1_315' title='bbox 635 3533 714 3594; x_wconf 86' lang='lat' dir='ltr'><strong>istoc</strong></span> <span class='ocrx_word' id='word_1_316' title='bbox 727 3530 813 3608; x_wconf 62' lang='lat' dir='ltr'><strong>mim,</strong></span> <span class='ocrx_word' id='word_1_317' title='bbox 829 3548 925 3611; x_wconf 81' lang='lat' dir='ltr'><strong>usquc</strong></span> <span class='ocrx_word' id='word_1_318' title='bbox 940 3525 1013 3588; x_wconf 86' lang='lat' dir='ltr'><strong>doni</strong></span> <span class='ocrx_word' id='word_1_319' title='bbox 1027 3523 1110 3606; x_wconf 79' lang='lat' dir='ltr'><strong>quic·</strong></span> 
     </span>
    </p>
   </div>
   <div class='ocr_carea' id='block_1_5' title="bbox 0 0 1241 3896">
    <p class='ocr_par' dir='ltr' id='par_1_5' title="bbox 0 0 1241 3896">
     <span class='ocr_line' id='line_1_40' title="bbox 0 0 1241 3896; baseline 0 0"><span class='ocrx_word' id='word_1_320' title='bbox 0 0 1241 3896; x_wconf 95' lang='lat' dir='ltr'><strong> </strong></span> 
     </span>
    </p>
   </div>
  </div>
 </body>
</html>
