2468 3912
144 197 184 260 30
229 209 259 258 c.
275 209 425 260 suuuoru
445 208 572 269 uulua.
589 209 636 257 nn
651 209 734 258 vuun
750 209 933 257 consanum
948 211 1016 258 uun.
1032 209 1056 258 1.

143 383 225 442 rom,
246 366 293 444 qui
308 381 411 424 necem
428 382 507 424 suam
522 382 576 443 per
590 383 731 425 venenum
744 365 864 424 inimicis
879 365 1066 444 promiserat,
1083 383 1149 426 non

143 449 260 528 grauium
284 465 367 528 quam
389 448 513 527 simplici
536 458 629 508 morte
653 451 757 528 puniit;
785 451 814 508 iu
841 448 970 509 Publium
998 446 1147 527 Clodium,

143 532 299 612 Pompeiae
312 533 411 592 uxoris
426 550 495 592 suae
510 530 668 594 adulterum
681 543 766 613 atque
778 533 879 593 eadem
894 532 930 592 de
946 551 1032 593 causa
1045 533 1146 612 pollu-

143 625 233 678 tarum
254 617 493 678 caerimoniarum
510 635 603 695 reum,
626 620 708 678 testis
728 621 847 694 citatus,
869 619 988 695 negavit
1007 635 1041 676 se
1062 619 1146 696 quic·
1220 673 1221 680 ,

143 719 226 782 quam
247 702 443 781 comperisse,
466 703 594 779 quamvis
617 711 646 762 et
667 711 757 762 mater
775 702 894 763 Aurelia
914 711 943 762 et
964 718 1050 762 soror
1068 700 1170 762 lulius

143 785 219 865 apud
232 784 351 846 eosdem
367 785 476 846 iudices
492 787 585 847 omnia
601 805 638 846 ex
653 786 708 846 fide
728 787 909 856 retulisseut;
930 787 1144 863 iuterrogatus·

143 887 215 949 que,
229 887 280 930 cur
294 870 382 948 igitur
393 869 575 949 repudiasset
589 881 724 947 uxorem,
741 868 909 946 Quoniam,
929 872 1034 949 inquit,
1055 888 1145 931 meos

101 959 134 1019 15
143 961 205 1014 tom
218 953 394 1033 suspicione
408 971 499 1035 quom
515 954 641 1015 crimine
654 955 757 1016 indico
773 973 882 1016 carere
897 961 1048 1033 oportere.
1077 953 1143 1015 llo-

143 1037 320 1099 deratiouem
339 1057 413 1100 ,vero
436 1039 672 1118 clementiamque
692 1057 754 1100 cum
773 1041 801 1100 iu
821 1039 1064 1099 administratione
1081 1046 1144 1098 turn

141 1125 170 1183 in
190 1125 313 1184 victoria
333 1122 404 1184 belli
429 1123 522 1183 civilis
544 1123 739 1184 admirabilem
766 1124 903 1184 exhibuit.
947 1122 1181 1184 Denuntiantero

23 1224 28 1237 ·
141 1207 296 1289 Pompeio,
315 1225 370 1288 pro
385 1207 517 1268 hostibus
531 1225 564 1267 se
579 1207 737 1268 habiturum
758 1209 805 1287 qui
820 1210 862 1268 rei
878 1207 1013 1288 publicae
1032 1207 1142 1268 deluis-

141 1302 218 1370 sent,
236 1294 301 1372 ipse
313 1293 424 1353 medios
439 1301 469 1352 et
483 1292 611 1352 neutrius
626 1293 716 1372 partis
731 1309 846 1352 suorum
859 1292 913 1352 sibi
928 1309 1046 1351 numero
1064 1292 1141 1351 iutu-

140 1395 190 1438 ros
206 1377 409 1458 pronuntiavit.
454 1375 563 1452 Quibus
586 1386 678 1437 autem
697 1395 734 1437 ex
753 1376 1002 1437 commendatione
1017 1376 1141 1456 Pompei

141 1460 402 1537 ordines⁴dederat,
418 1470 593 1541 potestatem
605 1461 768 1522 transeundi
781 1462 816 1524 ad
832 1480 895 1522 eum
912 1459 1042 1522 omnibus
1054 1460 1139 1519 iecit.
1220 1497 1221 1500 =

139 1545 227 1606 illotis
247 1544 322 1625 apud
341 1543 464 1605 Ilerdam
488 1544 640 1605 deditionis
666 1546 892 1624 conditionibus,
917 1563 996 1622 cum,
1021 1543 1139 1604 assiduo
1153 1564 1178 1606 ιι

139 1631 366 1708 interutrasque
385 1637 483 1708 partes
502 1647 554 1689 usu
570 1638 654 1708 atque
675 1633 866 1706 commercio,
888 1629 1024 1690 Afranius
1040 1637 1069 1688 et
1084 1629 1139 1689 Pe-

140 1715 229 1773 treius
244 1712 445 1792 deprehensos
459 1715 532 1773 iutra
549 1723 643 1775 castra
658 1714 783 1776 lulianos
799 1715 891 1775 subita
906 1714 1082 1794 paenitentia
1096 1715 1139 1772 iu-

139 1797 339 1874 terfecisseut,
361 1797 511 1858 admissam
531 1799 558 1857 in
579 1817 611 1858 se
627 1800 774 1878 perlrdiam
793 1817 850 1859 non
871 1800 1003 1859 sustinuit
1023 1798 1138 1857 imitari.

138 1881 213 1942 Acie
226 1881 392 1943 Pharsalica
409 1882 600 1962 proclamavit
612 1893 642 1943 ut
658 1884 767 1943 civibus
781 1891 964 1963 parceretur,
984 1883 1137 1961 deinceps-

138 1985 194 2047 que
219 1968 324 2027 nemini
344 1984 402 2027 non
426 1986 542 2029 suorum
566 1985 649 2046 quem
669 1968 759 2029 vellet
783 1985 865 2028 uuum
884 1968 973 2046 partis
995 1967 1174 2028 adversaeno

138 2069 257 2112 servare
274 2053 431 2113 concessit.
474 2051 538 2112 Nec
552 2051 602 2111 ulli
615 2054 729 2132 perisse
743 2053 797 2111 nisi
811 2054 840 2111 in
853 2051 967 2132 proelio
985 2052 1136 2131 reperien-

137 2145 196 2215 tur,
216 2138 349 2217 erccptis
367 2136 431 2196 dum
452 2145 530 2197 taxat
544 2135 664 2197 Afranio
687 2146 716 2197 et
734 2136 840 2197 Fausto
858 2144 886 2196 et
901 2133 990 2196 lucio
1008 2133 1137 2196 Caesare

137 2221 256 2290 iuveue3
279 2239 314 2280 ae
332 2240 368 2281 ue
389 2221 444 2292 bos
466 2221 579 2300 quidem
597 2221 744 2282 voluntate
764 2222 855 2300 ipsius
877 2222 1066 2300 interemptos
1084 2239 1136 2300 pu·

137 2315 211 2381 tant,
234 2321 353 2383 quorum
374 2314 469 2366 tamen
491 2315 520 2365 et
539 2307 653 2386 priores
673 2314 740 2384 post
757 2306 936 2385 impetratam
956 2306 1068 2366 veniam
1088 2322 1135 2363 re-

137 2387 317 2449 bellaverant
338 2398 368 2448 et
391 2387 514 2467 Caesar,
533 2389 645 2450 libertis
667 2391 818 2468 servisque
841 2391 902 2449 eius
921 2390 1002 2449 ferro
1023 2397 1052 2450 et
1072 2389 1172 2466 igniat

138 2470 285 2532 crudelem
299 2473 328 2530 iu
341 2472 455 2532 modum
470 2475 597 2551 enectis,
613 2473 721 2535 bestias
737 2491 853 2554 quoque
869 2473 904 2534 ad
916 2491 1016 2533 munus
1032 2472 1135 2552 populi

137 2563 318 2634 comparatas
332 2556 591 2618 contrucidaverat.
616 2558 747 2658 Denique
759 2567 891 2638 tempore
904 2567 1034 2618 extremo
1048 2559 1135 2617 etiam

136 2639 238 2741 quibus
258 2639 382 2699 nondum
403 2641 555 2742 ignoverat
575 2645 684 2703 cunctis
710 2645 738 2703 iu
758 2642 867 2703 ltaliam
886 2641 982 2703 redire
1003 2643 1136 2723 permisit

135 2725 375 2804 magistratusque
395 2727 447 2784 et
439 2727 557 2804 imperia
578 2744 698 2806 capere;
718 2727 770 2786 sed
784 2736 814 2787 et
826 2735 934 2788 statuas
952 2726 1020 2787 luci
1035 2726 1133 2787 Sullae
1217 2767 1218 2825 q

135 2820 220 2889 atque
233 2809 354 2889 Pompei
376 2828 392 2870 a
409 2809 498 2889 plebe
516 2809 652 2874 disiectas
667 2813 813 2891 reposuit:
837 2829 871 2873 ac
891 2812 915 2870 si
937 2829 991 2890 qua
1007 2810 1132 2891 posthac
1143 2832 1170 2874 so

135 2904 182 2956 aut
197 2896 394 2973 cogitarentur
408 2895 526 2972 gravius
542 2895 680 2956 adversus
695 2914 727 2955 se
742 2905 789 2956 aut
804 2895 984 2972 dicerentur,
1000 2893 1132 2955 inhibere

134 2980 231 3039 maluit
246 2997 328 3058 quam
343 2977 499 3039 vindicare.
533 2978 631 3059 ltaque
647 2989 676 3040 et
688 2980 818 3040 detectas
835 2981 1049 3041 coniurationes
1063 2996 1131 3038 cou-

134 3071 294 3144 ventusque
311 3073 469 3124 nocturnos
484 3081 541 3124 nou
557 3065 630 3124 ultra
646 3066 756 3143 arguit,
777 3082 858 3144 quam
873 3074 903 3124 ut
920 3063 1016 3124 edicto
1034 3071 1130 3123 osten·

135 3145 218 3206 deret
232 3165 299 3207 esse
316 3148 371 3208 sibi
386 3157 487 3225 notas,
507 3157 537 3207 et
552 3148 658 3209 acerbe
679 3147 862 3227 loquentibus
879 3150 948 3209 satis
963 3147 1061 3209 babuit
1074 3164 1130 3227 pro

136 3231 272 3292 contione
286 3230 453 3293 denuntiare
468 3251 505 3292 ne
518 3241 756 3310 perseverarent,
773 3231 898 3312 Aulique
916 3231 1059 3293 Caecinae
1075 3231 1128 3291 cri·
1139 3253 1163 3296 ιι

134 3315 327 3375 minosissimo
350 3316 425 3377 libro
453 3327 482 3377 et
508 3316 630 3377 Pitholai
654 3316 825 3377 carminibus
850 3315 1130 3378 maledicentissimis

135 3397 290 3459 laceratam
306 3402 545 3462 existimationem
559 3418 638 3461 suam
654 3400 730 3460 civili
745 3401 838 3460 auimo
853 3401 925 3460 tulit.

92 3489 128 3550 76
199 3481 394 3558 Praegrauant
414 3493 507 3545 tamen
528 3494 627 3546 cetera
648 3484 724 3546 iacta
738 3483 871 3566 dictaque
887 3485 965 3562 eius,
986 3494 1017 3544 ut
1036 3492 1065 3544 et
1080 3482 1128 3544 ab·
