2450 3910
148 219 210 282 206
232 233 252 282 a
279 233 428 282 sunrour
446 233 573 293 ranno.
589 234 636 280 nn
652 234 736 281 urna
752 233 935 282 cassanum
950 232 1019 282 ura.
1035 212 1094 285 vn.

38 385 73 440 ti
149 374 385 454 praefinitumque
400 381 522 452 tempus.
545 370 690 433 ludicibus
703 380 813 433 sextam
824 372 969 435 decuriam
987 373 1062 434 adici
1074 393 1140 454 pre-

42 454 79 507 5'0
149 456 279 518 cantibus
289 473 347 514 nou
359 456 444 516 modo
453 458 580 534 negavit,
593 456 645 516 sed
655 465 683 516 et
696 475 868 518 concessum
878 457 1021 521 aclaudio
1031 457 1141 519 benen-

43 529 82 578 ΥΟ
149 544 231 619 cium,
244 559 280 600 ne
292 539 384 600 hieme
397 542 533 618 initioque
547 542 612 601 anni
625 540 850 616 adiudicandum
861 552 1071 620 evocarentur,
1084 544 1136 604 eri·
1218 541 1219 552 ³

43 619 138 714 bila
149 627 218 705 puit.
249 624 473 686 Existimabatur
485 628 567 686 etiam
579 626 724 687 senatoria
736 635 764 685 et
774 629 918 705 equestria
930 627 1027 687 cilicia
1042 625 1143 687 bienni
1218 643 1219 682 l

51 708 62 756 5
79 699 90 752 ³
148 710 243 789 spatio
255 707 503 787 determinaturus,
514 728 569 769 nec
581 710 696 770 daturus
709 710 764 769 uisi
775 710 870 770 invitis
882 728 917 770 ac
928 711 1139 771 recusantibus.
1153 727 1167 766 5
1218 699 1219 794 l

49 787 94 848 ΥΞ
146 792 1140 875 LiberalitatesNercnis,nonplusdecimisconcessis,perquinqua-

46 884 87 940 al
148 879 227 956 ginta
244 879 356 957 equites
369 878 404 939 R.
421 896 456 938 ea
469 878 640 938 condicione
652 877 834 938 revocandas
848 881 957 938 curavit
969 873 1164 957 exigendas?

46 959 96 1028 bl
149 971 252 1042 que‚ut
266 962 1155 1042 etsiquidscaeniciautxysticidonatumclimvendidissenn·
1218 977 1219 1026 1

44 1046 86 1109 i‘i
148 1047 308 1109 auferretur
330 1046 523 1126 emptoribus,
547 1047 660 1125 quando
678 1046 720 1106 illi
738 1047 832 1125 pretio
850 1048 1002 1127 absumpto
1022 1046 1141 1108 soluere
1218 1039 1219 1124 l

69 1145 96 1207 9,
147 1132 307 1210 nequirent.
1153 1147 1179 1187 ro

54 1211 90 1290 ni
209 1215 248 1276 m
260 1227 360 1276 contra
372 1216 440 1276 nihil
450 1233 567 1295 nonper
575 1215 695 1274 comites
706 1215 922 1293 atquelibertcs
932 1218 1025 1296 pretio
1034 1215 1141 1294 addici,

50 1317 89 1378 ς]
148 1312 195 1363 aut
211 1301 311 1361 donari
329 1304 421 1378 gratia
440 1311 543 1379 passus
556 1309 614 1377 est,
633 1300 789 1378 vectigalia
805 1301 1012 1377 immunitates,
1030 1317 1142 1380 poenas

50 1399 98 1462 qn
147 1387 341 1446 innocentium
354 1387 535 1464 impunitates
545 1386 705 1445 noxiorum.
726 1384 907 1460 Quinetiam,
925 1384 1036 1465 populo
1048 1382 1140 1444 lide·

53 1471 92 1540 i‘l
148 1477 290 1550 poscente
301 1469 475 1547 supplicium
484 1469 582 1530 Haloti
596 1477 624 1529 et
636 1461 784 1548 'l'rgrllmrl
789 1467 871 1528 solos
883 1485 921 1528 ex
939 1467 1070 1530 omuibus
1081 1468 1140 1528 Ne·
1217 1419 1219 1566 l

55 1543 98 1614 6-6
147 1555 227 1615 runis
240 1554 397 1613 emissariis
408 1553 456 1612 vel
467 1553 748 1613 maleficentissimos
758 1553 919 1612 incolumes
939 1555 1082 1631 praestitit
1098 1562 1139 1613 at·
1152 1573 1181 1613 15

52 1645 91 1710 ,al
148 1655 204 1717 que
216 1639 334 1716 insuper
344 1636 478 1698 Halotum
490 1638 694 1716 procuratione
706 1636 881 1716 amplissima
894 1639 1017 1714 ornavit,
1030 1656 1083 1716 pro
1092 1637 1139 1696 Ti-

52 1729 90 1788 bi
148 1721 250 1800 gillino
264 1723 349 1780 etiam
360 1722 501 1782 saeuitiae
516 1721 653 1801 populum
667 1719 762 1782 edicto
775 1723 926 1801 increpuit.

50 1793 140 1878 ιιεῗίσ
209 1803 348 1865 l’erhaec
360 1823 454 1885 prope
466 1807 607 1866 universis
627 1804 773 1866 ordinibus
792 1805 934 1884 offensus,
955 1806 1004 1865 vel
1027 1807 1140 1884 praeci·

57 1895 96 1962 ii
149 1908 204 1969 pua
215 1888 356 1968 llagrabat
367 1889 473 1950 invidia
485 1890 560 1969 apud
572 1888 687 1950 milites.
709 1888 781 1950 Nam
795 1907 858 1950 cum
869 1892 897 1950 in
908 1889 998 1950 verba
1016 1891 1077 1949 eius
1091 1887 1142 1948 ab·
1218 1917 1219 1928 .

62 1975 130 2039 θ’θ’
148 1973 408 2036 sentisiurantibus
425 1974 589 2035 donativum
601 1973 737 2051 grandius
748 1973 835 2034 solito
844 1975 1006 2053 praepositi
1013 1991 1139 2053 pronun·
1154 1997 1185 2040 ao

59 2057 109 2118 ii
148 2063 278 2136 tiassent,
291 2076 387 2138 neque
397 2068 487 2120 ratam
498 2078 560 2119 rem
571 2057 669 2118 habuit
682 2067 710 2118 et
721 2056 841 2118 subinde
852 2060 981 2135 iactavit,
994 2058 1096 2138 lepore
1106 2075 1144 2117 se

56 2147 104 2209 ‘li
147 2144 287 2220 militem,
313 2161 375 2205 non
391 2161 491 2204 amere
507 2161 693 2214 consuesse,·
719 2151 804 2222 atque
821 2159 857 2202 eo
886 2142 1001 2222 quidem
1025 2142 1145 2202 nomine

56 2227 97 2283 ωῑ
148 2230 255 2306 omnis,
274 2230 321 2307 qui
333 2227 439 2307 ubique
452 2237 548 2305 erant,
563 2225 757 2288 exacerbavit.
791 2224 924 2288 Ceterum
940 2228 1146 2305 praetorianos

53 2311 90 2372 il
149 2315 233 2372 etiam
245 2321 321 2371 metu
334 2322 362 2373 et
374 2312 543 2390 indignitate
556 2313 719 2387 commovit,
732 2328 885 2371 removens
897 2310 1017 2370 subinde
1027 2310 1144 2388 pleros-

54 2404 96 2471 ii
149 2414 215 2475 que,
228 2404 258 2454 ut
269 2405 425 2474 suspectos
438 2407 466 2456 et
476 2395 631 2474 Nymphidi
644 2397 752 2455 socios.
784 2394 843 2454 Sed
859 2398 981 2454 maxime
999 2391 1188 2454 fremebataa

57 2491 103 2544 θ’·
149 2481 309 2557 superioris
322 2478 491 2540 Germaniae
507 2482 664 2556 exercitus,
679 2479 804 2539 fraudari
823 2498 855 2539 se
874 2481 1000 2558 praemis
1018 2486 1189 2562 navatae*-

56 2559 102 2620 ‘li
149 2563 288 2626 adversus
303 2562 403 2624 Gallos
415 2573 443 2624 et
455 2565 607 2625 Vindicem
620 2581 738 2644 operae.
766 2563 847 2641 Ergo
867 2566 949 2642 primi
969 2562 1147 2642 obsequium

58 2651 96 2718 li
147 2665 280 2727 rumpere
294 2650 367 2724 ausi,
380 2647 426 2708 Hl.
438 2647 497 2708 lan.
512 2648 590 2726 adigi
603 2657 785 2710 sacramento
797 2649 853 2708 nisi
864 2650 894 2707 in
906 2664 1011 2709 nomen
1024 2655 1146 2707 senatus

55 2741 91 2800 :tt
146 2740 315 2794 recusarunt
327 2735 477 2810 statimque
489 2733 664 2810 legationem
682 2731 718 2792 ad
736 2734 935 2811 praetorianos
948 2750 1010 2792 cum
1027 2731 1145 2790 manda·

48 2823 55 2856 ·‘
70 2823 84 2869 2‘
148 2819 185 2878 tis
202 2817 430 2894 destinaverunt,
450 2817 615 2895 displicere
631 2818 849 2896 imperatorem
869 2815 902 2876 in
914 2814 1071 2895 Hispania
1087 2814 1143 2892 sc·
1157 2835 1192 2876 ao

10 2963 24 2971 ,
52 2907 89 2966 ²³9
148 2907 247 2971 atnam
264 2900 408 2980 elicerent
421 2901 484 2980 ipsi
497 2920 584 2982 qinein
600 2901 702 2964 cuncti
720 2901 874 2962 exercitus
893 2897 1143 2978 comprobarent.

52 2985 94 3031 ‘tt‘
107 2987 138 3044 17
149 2983 233 3060 Quod
247 2995 282 3046 ‘ut
307 2987 462 3046 nuntiatum
485 2995 547 3063 est,
568 2987 719 3064 despectui
744 3002 888 3044 essenon
912 2994 969 3046 tam
993 2992 1145 3044 senectam

51 3075 85 3121 ·'-
148 3087 226 3130 suam
244 3087 326 3148 quam
338 3070 490 3130 orbitatem
508 3079 602 3147 ratus,
626 3070 760 3131 Pisonem
777 3068 866 3146 Frugi
883 3068 1073 3143 Licinianum,
1090 3084 1143 3125 uo·

56 3153 94 3220 nl
148 3153 235 3212 bilem
248 3156 457 3232 egregiumque
470 3158 602 3216 iuvenem
613 3173 647 3214 ac
660 3154 714 3214 sibi
728 3153 796 3213 olim
808 3149 1046 3232 probatissimum
1053 3159 1143 3211 testa·

54 3235 114 3300 ast*
148 3246 302 3315 mentoque
314 3255 429 3316 semper
441 3238 554 3299 inbona
568 3249 596 3300 et
612 3256 718 3298 nomen
735 3237 892 3316 adscitum,
911 3245 1062 3317 repentae
1081 3253 1141 3292 me·
1158 3250 1192 3293 aa
1218 3273 1219 3288 .

59 3329 69 3358 ι’
92 3325 98 3357 ¹
150 3315 196 3375 dia
220 3320 398 3381 salutantium
421 3323 502 3382 turba
525 3321 714 3402 adprehendit
731 3321 875 3400 liliumque
897 3319 1050 3400 appellans
1073 3336 1139 3397 per·

150 3397 231 3458 duxit
254 3403 283 3460 in
303 3415 397 3466 castra
415 3423 449 3465 ac
466 3424 520 3484 pro
541 3407 678 3474 contione
696 3405 858 3484 adoptarit,
884 3423 921 3464 ne
939 3414 1006 3464 tuuc
1023 3400 1142 3483 quidem

61 3495 83 3547 b
94 3505 115 3547 a
131 3480 277 3576 ‘'donatiui
295 3484 352 3545 ulla
368 3491 514 3548 mentione
529 3489 614 3548 lacta.
648 3490 712 3564 Quo
726 3489 885 3549 faciliorem
904 3489 1089 3548 occasionem
1100 3484 1143 3551 H.

94 3581 116 3646 q
