2468 3912
164 197 204 258 80
248 207 277 255 c.
291 207 441 257 sunuoru
458 208 585 267 renuo.
604 208 652 254 ne
664 209 745 256 vura
760 208 944 258 csnsnnuu
955 212 1024 264 unt.
1037 215 1074 261 11.

162 364 257 424 infuso
276 363 480 442 superaltaria
498 380 579 423 mero
597 371 702 422 tantum
720 363 849 424 flammae
865 366 1043 445 emicuisset,
1067 377 1097 428 ut
1116 388 1164 429 sn-

163 465 321 528 pergressa
336 447 480 524 fastigium
495 447 594 525 templi
608 447 643 507 ad
661 447 772 507 caelum
787 466 880 527 usque
894 449 1037 528 ferretur,
1053 452 1165 531 unique

163 535 277 595 omuino
292 531 400 608 Magno
419 530 586 591 Alexandro
609 531 684 610 apud
697 530 824 591 ¹easdem
845 550 910 592 aras
932 537 1108 595 sacrificanti
1124 539 1163 598 si·

160 618 228 678 mile
255 616 441 695 provenisset
468 624 618 676 ostentum.
666 614 764 694 Atque
793 617 878 676 etiam
905 620 1038 696 sequenti
1065 605 1164 680 statim

160 710 248 762 nocte
270 700 369 760 videre
386 701 464 759 visus
482 707 526 760 est
539 699 625 759 filium
640 700 753 759 mortali
771 701 872 779 specie
888 703 1072 780 ampliorem,
1096 723 1189 773 cums

160 786 278 845 fulmine
300 794 329 845 et
348 794 467 863 sceptro
483 783 739 862 exuviisquelovis
752 784 858 863 Optimi
869 786 984 846 Maximi
1000 804 1036 847 ac
1050 787 1163 848 radiata

162 886 285 945 corona,
311 887 400 948 super
422 869 578 929 laureatum
603 886 730 944 currum,
758 868 802 928 bis
825 870 903 929 senis
924 871 1007 948 equis
1032 871 1163 932 candore

162 954 265 1014 eximio
284 952 473 1013 trahentibus.
502 952 600 1012 inians
616 951 724 1030 adbuc,
743 961 772 1012 ut
787 955 925 1032 scriptum
944 954 1019 1033 apud
1038 953 1071 1015 G.
1085 954 1162 1015 Dru-

162 1057 223 1098 sum
239 1046 327 1113 extat,
344 1041 489 1116 repositus
504 1055 629 1115 vespere
641 1037 669 1094 in
686 1055 774 1097 cunas
788 1055 806 1096 a
822 1038 962 1099 nutricula
978 1040 1045 1099 loco
1062 1039 1162 1118 plano,

161 1131 280 1202 postera
295 1121 361 1181 luce
376 1139 434 1180 non
450 1122 617 1200 comparuit,
634 1119 738 1199 diuque
758 1122 1199 1200 quaesitustandeminaltis·1o

161 1208 231 1267 sima
246 1208 316 1264 turri
332 1214 466 1283 repertus
485 1214 545 1281 est,
561 1207 661 1264 iacens
677 1213 777 1265 contra
794 1205 866 1265 solis
881 1215 1021 1267 exortum.

222 1289 293 1350 Cum
318 1290 438 1369 primum
459 1290 513 1349 fari
536 1289 698 1368 coepisset,
721 1290 749 1348 in
771 1290 848 1350 avito
865 1289 1029 1352 suburbano
1045 1290 1160 1351 obstre-

161 1376 255 1455 pentis
269 1375 345 1435 forte
358 1391 442 1433 ranas
457 1375 545 1434 silere
561 1374 651 1449 iussit,
668 1382 754 1452 atque
767 1391 804 1432 ex
817 1390 853 1433 eo
866 1384 1007 1451 negantur
1019 1375 1058 1434 ibi
1070 1394 1160 1436 ranae
1207 1436 1231 1460 .,

162 1477 298 1520 coaxare.
331 1457 378 1517 Ad
397 1467 525 1536 quartum
553 1456 677 1537 lapidem
702 1457 865 1536 Campanae
893 1460 957 1518 viae
985 1460 1014 1518 in
1039 1477 1159 1520 nemore
1225 1466 1231 1500 ²<

161 1543 310 1624 prandenti
335 1543 541 1620 exinproviso
564 1542 659 1620 aquila
680 1559 782 1620 panem
804 1544 830 1601 ei
850 1561 867 1601 e
889 1560 970 1602 manu
994 1545 1104 1622 rapuit,
1128 1553 1196 1608 etta

162 1645 225 1687 cum
243 1625 381 1686 altissime
399 1626 560 1703 evolasset,
583 1645 682 1685 rursus
698 1644 735 1684 ex
751 1627 900 1704 inproviso
916 1627 1020 1687 leniter
1036 1627 1159 1707 delapsa

160 1709 290 1771 reddidit.

223 1795 258 1869 Q.
275 1793 392 1854 Catulus
415 1803 481 1874 post
506 1793 667 1854 dedicatum
688 1792 861 1872 Capitolium
883 1793 993 1855 duabus
1015 1796 1159 1856 continuis
1230 1797 1231 1860 l

161 1879 292 1940 noctibus
308 1881 472 1940 somniavit:
487 1880 587 1958 prima,
603 1878 701 1939 lovem
718 1878 859 1958 Optimum
872 1878 1025 1939 Maximum
1040 1897 1056 1939 e
1072 1898 1157 1958 prae·
1230 1863 1231 1915 l

161 1965 276 2024 tentatis
289 1962 484 2043 compluribus
500 1965 607 2023 circum
619 1981 695 2023 aram
707 1961 868 2023 ludentibus
882 1982 965 2022 unum
980 1964 1156 2042 secrevisse,
1168 1990 1194 2030 κ
1229 1991 1230 2002 ¹

161 2058 245 2128 atqua
267 2050 296 2108 in
317 2049 379 2108 eius
400 2049 489 2107 sinum
506 2065 566 2106 rem
585 2066 613 2125 p.
630 2064 713 2126 quam
727 2066 810 2108 manu
825 2056 956 2124 gestaret
972 2049 1158 2126 reposuisse;

160 2143 188 2194 at
209 2135 387 2211 insequenti,
411 2130 646 2191 animadvertisse
671 2149 703 2190 se
724 2133 753 2190 in
773 2133 884 2208 gremio
907 2128 1061 2210 Capitolini
1078 2130 1160 2190 lovis

160 2217 279 2278 eundem
306 2235 442 2295 puerum,
471 2234 553 2294 quem
581 2234 643 2275 cum
673 2215 783 2275 detrahi
808 2217 956 2292 iussisset,
984 2214 1160 2294 prohibitum
1223 2221 1230 2266 't

160 2303 266 2360 monitu
287 2299 347 2376 dei,
366 2309 506 2378 tamquam
527 2301 550 2359 is
566 2300 601 2360 ad
617 2299 732 2358 tutelam
747 2300 790 2358 rei
807 2319 835 2379 p.
852 2298 1037 2370 educaretur;
1061 2317 1094 2359 ac
1112 2297 1160 2359 die

161 2386 292 2462 proximo
309 2383 424 2443 obvium
441 2384 495 2443 sibi
511 2382 684 2462 Augustum,
708 2400 770 2442 cum
790 2384 965 2460 incognitum
983 2382 1053 2442 alias
1069 2382 1158 2443 babe·
1169 2411 1195 2450 er

160 2476 221 2542 ret,
243 2484 299 2526 non
322 2469 384 2526 sine
405 2466 589 2528 admiratione
604 2470 760 2543 contuitus,
782 2467 952 2528 simillimum
969 2465 1039 2527 dixit
1053 2485 1159 2546 puero,
1227 2521 1229 2538 ,

161 2548 197 2610 de
221 2567 277 2628 quo
294 2552 473 2611 somniasset.
509 2551 628 2625 Quidam
644 2553 723 2632 prius
739 2553 876 2612 somnium
894 2549 987 2614 Catuli
1005 2550 1089 2613 aliter
1108 2569 1159 2610 ex·
1228 2567 1229 2592 ³

161 2642 284 2715 ponunt,
302 2637 382 2714 quasi
397 2634 526 2715 luppiter
542 2636 736 2716 compluribus
750 2636 939 2714 praetextatis
955 2644 1076 2694 tutorem
1093 2653 1110 2694 a
1126 2653 1160 2694 se

160 2719 364 2800 poscentibus,
385 2737 469 2778 unum
490 2738 527 2778 ex
547 2722 590 2780 eis
607 2720 833 2781 demonstrasset
848 2719 883 2778 ad
899 2736 982 2798 quem
998 2719 1092 2792 omnia
1109 2718 1160 2779 de-

160 2803 265 2864 sideria
287 2822 337 2864 sua
359 2804 518 2881 referrent,
543 2805 660 2884 eiusque
679 2803 807 2865 osculnm
831 2802 984 2863 delibatum
1007 2802 1106 2880 digitis
1123 2801 1195 2864 adst

161 2907 193 2948 os
209 2906 288 2947 suum
303 2888 459 2949 retulisset.

221 2972 258 3032 tt.
282 2970 385 3033 Cicero
404 2971 436 3032 (l.
455 2969 609 3033 Gaesarem
632 2974 659 3031 in
677 2969 848 3051 Capitolium
870 2979 1059 3050 prosecutus,
1083 2986 1159 3029 som·
1218 2971 1228 3046 'l

160 3059 234 3116 nium
250 3058 387 3135 pristinae
407 3059 500 3117 noctis
516 3056 701 3116 familiaribus
717 3056 792 3116 forte
809 3054 958 3115 narrabat:
979 3071 1100 3133 puerum
1116 3054 1159 3114 fa·
1227 3053 1228 3126 ᾗ

161 3142 206 3199 cie
227 3139 357 3218 liberali,
379 3139 531 3202 demissum
548 3160 564 3200 e
580 3140 662 3200 caelo
679 3148 780 3200 catena
798 3157 899 3216 aurea,
922 3138 1052 3199 adfores
1072 3136 1159 3217 (lapi-

161 3223 211 3281 toli
232 3227 395 3285 constitisse
417 3227 500 3305 eique
523 3224 622 3284 lovem
637 3223 783 3300 flagellum
799 3223 964 3294 tradidisse;
990 3221 1093 3282 deinde
1112 3240 1193 3284 reat

160 3314 247 3382 pente
262 3304 393 3384 Augusto
409 3311 481 3387 viso,
497 3328 579 3389 quem
594 3311 721 3386 ignotum
733 3307 880 3387 plerisque
894 3306 987 3368 adbuc
999 3305 1159 3367 avunculus

161 3386 270 3448 caesar
299 3391 333 3449 ad
361 3392 576 3453 sacrificandum
598 3393 759 3467 acciverat,
787 3391 939 3451 affirmavit
961 3392 1054 3469 ipsum
1077 3407 1159 3466 esse,
1212 3417 1227 3478 -p

160 3471 240 3532 cuius
251 3470 350 3549 'imago
367 3476 519 3536 secundum
539 3478 662 3556 quietem
678 3475 732 3536 sibi
747 3474 901 3535 obversata
917 3474 963 3534 sit.
