2466 3896
9 629 19 688 p
63 624 65 628 ,

248 651 291 736 O.
324 653 562 737 SUETONI
590 655 929 743 TRANQUILLI

114 835 230 935 nu
283 837 513 938 vuum
569 773 1079 940 cnusnnum

503 1029 640 1094 LIBER
664 1030 704 1093 V.

349 1188 521 1261 ulvtts
554 1189 841 1266 CLAUDIUS.

521 1380 669 1388 -———--.....

73 1575 89 1617 ὅ
162 1539 276 1600 Patrem
304 1535 405 1599 Claudi
434 1536 567 1600 Caesaris
595 1497 732 1616 Drusum,
767 1541 834 1601 olim
859 1539 1008 1600 Decimum
1030 1558 1122 1612 mox]

97 1624 243 1685 Neronem
260 1623 460 1702 praenomine,
489 1623 586 1702 Livia,
615 1642 679 1684 cum
694 1623 827 1703 Augusto
843 1623 964 1704 gravida
985 1627 1096 1705 nupsis-

97 1716 157 1784 set,
188 1709 262 1767 intra
286 1726 414 1768 mensem
437 1710 550 1769 tertium
577 1710 708 1789 peperit,
743 1709 853 1790 fuitque
882 1711 1026 1789 suspicio,
1059 1732 1098 1774 ex
1120 1731 1188 1784 req

96 1793 199 1853 vitrico
213 1809 267 1870 per
281 1791 412 1852 adulterii
429 1793 665 1854 consuetudinem
683 1803 875 1873 procreatum.
903 1794 1003 1854 Statim
1017 1806 1097 1857 certe
1120 1833 1141 1844 „

97 1878 231 1955 vulgatus
246 1884 291 1935 est
306 1894 423 1936 versus:

58 1991 86 2034 1⁰
303 1964 372 2032 Τοῖς
390 1950 544 2037 εὐτυχοῦσι
558 1959 609 2020 καὶ
627 1963 753 2041 τρίμηνα
767 1960 880 2021 παιδία.

95 2049 124 2108 Is
141 2043 251 2103 Drusus
276 2044 304 2103 in
322 2052 495 2122 quaesturae
521 2053 731 2125 praeturaeque
756 2045 868 2106 honore
892 2044 949 2105 dux
972 2047 1097 2126 Raetici,
1114 2057 1179 2103 tte·

97 2127 200 2192 deiude
230 2127 488 2206 Germanioilrelli
519 2127 665 2188 Oceanum
695 2128 960 2208 septemtrionalem
990 2132 1098 2210 primus
1131 2147 1160 2194 υ,
1180 2149 1194 2178 :⁴
1222 2143 1223 2174 1

95 2217 290 2278 Romanorum
314 2211 415 2273 dueum
436 2213 583 2289 navigavit
604 2221 741 2292 transque
762 2211 893 2274 Rhenum
913 2213 1009 2275 fossas
1029 2218 1099 2276 nori

9 2309 22 2336 ν’·
98 2307 128 2359 et
147 2298 276 2358 immensi
298 2296 397 2376 operis
420 2296 535 2373 effecit,
566 2315 639 2377 quae
667 2315 742 2356 nuuc
767 2296 860 2357 adhuc
883 2295 1024 2359 Drusinae
1047 2318 1097 2361 ro-

64 2391 207 2444 rscantur.
252 2380 371 2442 Hostem
393 2382 478 2442 etiam
499 2381 667 2461 frequenter
687 2399 803 2443 caesum
827 2399 862 2442 ac
883 2383 995 2461 penitus
1013 2383 1042 2442 iu
1057 2385 1097 2444 in·

97 2471 179 2527 timas
207 2465 376 2526 solitudines
405 2474 499 2526 actum
525 2459 583 2528 nou
612 2466 691 2547 prius
716 2466 824 2527 destitit
854 2467 982 2546 insequi,
1013 2486 1098 2547 quam

98 2551 214 2630 species
231 2551 372 2611 barbarae
394 2550 537 2628 mulieris,
568 2551 688 2612 humana
712 2550 849 2631 amplior,
878 2551 1020 2612 rictorem
1037 2555 1120 2612 ten-³
1194 2603 1196 2610 ,

9 2671 11 2680 ‚
98 2636 168 2696 dere
184 2635 257 2696 ultra
274 2652 408 2696 sermone
424 2634 524 2695 Latino
542 2635 747 2714 prohibuisset.
779 2635 857 2711 Quas
875 2634 912 2696 ob
928 2652 977 2695 res
993 2635 1098 2697 orandi

98 2724 142 2780 ius
166 2729 194 2780 et
214 2719 394 2799 triumphalia
417 2728 583 2780 ornamenta
605 2720 748 2800 percepit;
780 2737 814 2780 ac
840 2728 907 2799 post
935 2727 1192 2798 praeturamque.

61 2823 88 2864 ao
98 2805 251 2866 confestim
264 2805 335 2882 inito
354 2804 506 2884 consulatu
523 2811 606 2883 atque
623 2803 807 2884 expeditione
823 2805 963 2885 repetita,
996 2821 1096 2882 supre·
1115 2825 1135 2882 q

96 2907 171 2949 mum
187 2888 262 2948 diem
285 2886 386 2948 morbo
403 2888 475 2948 obiit
494 2889 523 2946 in
546 2889 664 2948 aestivis
679 2888 798 2964 castris,
830 2905 904 2968 quae
921 2902 1009 2946 exeo
1026 2886 1096 2946 Sce-

96 2974 188 3034 lerata
204 2981 269 3033 sunt
289 2971 444 3052 appellata.
490 2970 604 3052 Corpus
624 2974 685 3033 eius
707 2989 760 3052 per
781 2971 998 3050 municipiorum
1016 2969 1096 3030 colo·

96 3060 265 3138 niarumque
287 3059 445 3137 primores,
475 3057 698 3136 suscipientibus
718 3055 810 3115 obviis
832 3053 989 3115 scribarum
1011 3053 1095 3114 decu·
1157 3059 1161 3067 '

96 3146 152 3221 ris,
184 3143 219 3204 ad
237 3143 336 3202 urbem
358 3141 510 3201 derectum
533 3140 733 3220 sepultumque
751 3149 797 3199 est
817 3140 846 3199 in
864 3156 966 3218 campo
982 3137 1095 3199 Martio.

60 3227 235 3290 asGeterum
259 3229 405 3287 exercitus
427 3225 610 3286 honorarium
633 3226 660 3286 ei
680 3223 815 3286 tumulum
836 3225 987 3299 excitavit,
1018 3224 1096 3283 circa

97 3331 183 3392 quem
198 3313 337 3391 deinceps
352 3319 426 3371 stato
445 3310 491 3370 die
506 3318 577 3390 quot
593 3311 675 3378 aunis
696 3308 780 3368 miles
801 3308 970 3369 decurreret
992 3306 1095 3368 Gallia·

95 3416 216 3478 rumque
243 3397 374 3458 civitates
399 3394 514 3475 publice
542 3393 750 3474 supplicarent.
794 3393 948 3455 Praeterea
981 3399 1097 3452 senatus

9 3495 37 3536 ·-’
96 3492 172 3544 mter
187 3483 243 3543 alia
258 3481 407 3560 complura
424 3497 614 3540 marmoreum
629 3497 727 3541 areum
746 3497 809 3540 cum
824 3475 956 3564 tropaeis
972 3476 1018 3536 via
1036 3473 1095 3553 Ap·

871 3565 931 3624 10*

1195 1747 1223 1795 d
