2466 3896
119 293 177 357 158
206 308 235 357 a.
251 306 402 356 sunnam
419 307 547 366 ranno.
563 307 610 352 nn
625 307 708 354 vrrn
731 305 913 354 cassanum
929 307 997 354 nis.
1012 308 1045 353 n.

117 480 230 543 perque
257 463 378 523 mediam
406 480 538 538 caveam,
567 462 734 522 sedentibus
761 481 796 522 ac
819 462 968 522 silentibus
993 465 1113 540 cunetis,

63 597 73 621 ,
119 547 328 607 descendisset.
375 545 458 606 Fecit
488 556 517 605 et
546 546 735 622 Saeculares,
769 548 851 626 quasi
877 547 1050 626 anticipatos
1077 547 1113 608 ab
1218 603 1219 606 ,

21 621 69 667 ‘rm'
84 615 252 708 'Augusto
267 649 323 691 nec
348 630 479 708 legitimo
500 632 623 710 tempori
645 640 827 708 reservatos,
848 633 977 709 quamvis
1000 633 1113 711 ipsein
1218 669 1219 710 t

26 677 58 740 η
118 715 247 774 historiis
263 717 321 775 suis
337 714 457 794 prodat,
478 715 657 776 intermissos
680 732 732 774 eos
747 714 908 792 Augustum
928 715 1016 775 multo
1036 725 1112 795 post,
1206 732 1219 768 r

119 799 336 876 diligentissime
350 816 487 858 annornm
495 803 605 860 ratione
615 799 762 876 subducta,
775 800 804 858 in
815 798 943 859 ordinem
951 799 1136 877 redegisse.5

14 895 98 966 >aaa
120 884 216 959 Quare
229 901 289 944 vox
303 885 458 963 praeconis
478 884 561 944 irrisa
585 893 646 959 est,
669 883 812 943 invitantis
827 901 908 943 more
929 884 1063 944 sollemni
1078 884 1114 944 ad

117 968 217 1044 ludos,
234 985 312 1047 qaas
325 986 382 1028 aee
392 974 564 1046 spectasset
573 967 735 1048 qaisquam
747 985 803 1028 aec
814 974 1011 1046 spectaturos
1022 976 1112 1045 esset,
1182 1025 1183 1030 ,

119 1069 181 1112 cum
199 1061 390 1132 superessent
405 1051 497 1111 adbuc
512 1053 560 1132 qui
583 1060 802 1132 spectaverant,
826 1061 855 1111 et
870 1051 984 1130 qnidam
998 1052 1113 1112 histrio·
1211 1055 1219 1126 4

117 1155 182 1197 num
204 1136 338 1215 producti
362 1136 430 1195 olim
456 1145 523 1195 tnnc
544 1153 660 1215 quoqne
683 1134 921 1213 producerentur.
957 1134 1114 1197 Circenses
1218 1185 1219 1202 ι

116 1221 285 1300 frequenter
308 1222 393 1281 etiam
409 1222 437 1279 in
453 1222 595 1281 Vaticano
621 1221 776 1297 commisit,
799 1237 1009 1300 nonnumquam
1025 1224 1110 1281 inter·
1124 1243 1150 1286 ro
1218 1207 1219 1296 i

116 1307 196 1366 iecta.
213 1323 267 1384 pcr
289 1307 392 1384 quinos
406 1305 511 1364 missus
530 1305 695 1365 venatione.
716 1302 803 1364 Circo
815 1321 887 1365 vero
901 1306 1025 1366 maximo
1039 1324 1111 1366 mar·
1218 1299 1219 1354 l

115 1391 222 1449 mareis
239 1390 405 1450 carceribus
429 1391 594 1468 auratisque
617 1390 717 1464 metis,
740 1406 815 1468 quae
835 1397 956 1468 utraque
976 1399 1006 1449 et
1024 1391 1113 1451 tofina

116 1493 149 1534 ac
162 1474 258 1551 lignea
271 1483 355 1534 antea
363 1472 487 1550 fuerant,
501 1473 627 1550 exculto,
642 1474 761 1552 propria
773 1474 954 1533 senatoribus
967 1475 1114 1534 constitnit
1218 1495 1219 1572 p

115 1558 180 1618 loca
196 1558 362 1637 promiscue
383 1567 518 1636 spectare
540 1557 649 1626 solitis;
676 1575 711 1617 ac
729 1576 817 1637 super
833 1557 1033 1637 quadrigarum
1050 1577 1112 1619 cer·
1218 1573 1219 1632 l

14 1634 220 1714 raihtamma
235 1641 339 1702 Troiae
355 1641 447 1700 lusum
461 1642 589 1702 exhibuit
604 1650 634 1702 et
647 1640 817 1720 Africanas,
834 1643 1007 1703 conficiente
1023 1652 1113 1704 turma
1124 1662 1148 1704 ιι

117 1727 241 1803 equitum
258 1726 518 1804 praetorianorum,
536 1726 656 1786 ducibus
670 1726 791 1785 tribunis
806 1727 929 1806 ipsoque
945 1726 1111 1808 praefecto;

117 1819 270 1889 praeterea
296 1809 453 1870 Thessalos
481 1813 609 1891 equites,
638 1813 684 1889 qui
712 1810 794 1871 feros
822 1820 919 1871 tauros
945 1831 999 1892 per
1021 1814 1113 1892 spatia

117 1895 187 1953 circi
206 1903 294 1970 agunt
314 1894 497 1974 insiliuntque
521 1895 655 1973 defessos
675 1903 704 1953 et
725 1895 760 1954 ad
782 1902 887 1955 terram
911 1895 1111 1978 cornibustde

115 1977 238 2038 trahunt·
268 1965 661 2034 fflirp,l(,tlsul.d.trasl⁴
906 1964 1131 2037 teapubsdsqt&
1218 1975 1219 2024 l

178 2061 353 2123 Gladiatoria
382 2081 499 2124 munera
523 2054 698 2142 plurifariam
721 2081 756 2123 ac
777 2063 945 2142 multiplicia
968 2063 1149 2124 exhibuimus
1218 2041 1219 2056 ἵ

116 2148 340 2207 anniversarium
361 2148 390 2206 in
414 2149 516 2208 castris
531 2147 724 2226 praetorianis
740 2148 803 2207 sine
821 2149 976 2208 venatione
990 2165 1111 2228 appara·
1218 2191 1219 2194 ,

116 2241 222 2311 tuque,
243 2233 346 2291 iustum
363 2239 449 2310 atque
469 2231 627 2308 legitimum
642 2231 670 2289 in
685 2231 799 2310 Septis;
829 2231 934 2292 ibidem
953 2231 1111 2292 entraordi-

116 2316 225 2376 narium
250 2325 279 2375 et
300 2315 390 2376 breve
413 2315 580 2393 dierumque
604 2331 775 2394 paucorum,
805 2315 939 2396 quodque
961 2316 1112 2396 appellare

30 2459 32 2464 ,
119 2402 216 2478 coepit
231 2399 452 2480 sportulam,
472 2401 538 2478 quia
553 2400 674 2477 primum
686 2398 801 2459 daturus
815 2399 961 2478 edixerat,
976 2400 1114 2460 velutad
1196 2391 1216 2417 “

117 2482 251 2543 subitam
263 2484 495 2564 condictamque
508 2483 667 2544 camalam
682 2483 816 2544 inuitare
828 2502 863 2544 se
875 2485 1032 2563 papalem.
1048 2483 1110 2545 Nec
1121 2507 1148 2547 es
1218 2493 1219 2530 ³

116 2566 175 2626 ullo
194 2567 353 2646 spectaculi
368 2586 479 2644 genere
503 2569 677 2627 communior
698 2576 745 2627 aut
766 2571 915 2628 remissior
933 2578 1009 2647 erat,
1038 2568 1111 2629 adeo
1218 2557 1219 2650 l

116 2659 146 2710 nt
160 2651 275 2712 oblatos
286 2651 446 2712 victoribus
458 2668 562 2712 aureos
573 2651 687 2732 prolata
700 2652 813 2713 sinistra
825 2657 935 2732 pariter
946 2671 1010 2712 cum
1023 2653 1110 2731 vulgo
1217 2703 1219 2756 ,

116 2753 192 2795 voce
218 2735 371 2815 digitisque
393 2745 570 2813 numeraret,
603 2754 638 2796 ac
657 2753 747 2814 saepe
764 2737 906 2797 hortando
922 2737 1111 2817 rogandoque
1218 2771 1219 2774 =

116 2819 151 2880 ad
165 2819 336 2880 bilaritatem
350 2820 481 2880 homines
500 2829 692 2899 provocaret,
710 2820 873 2882 dominos
890 2821 1045 2881 identidem
1061 2840 1110 2900 ap-

116 2904 246 2983 pellans,
268 2904 400 2964 immixtis
416 2904 556 2965 interdum
570 2904 684 2982 frigidis
699 2914 728 2965 et
743 2906 892 2966 arcessitis
907 2907 996 2976 iocis;
1020 2906 1111 2984 qualis
1122 2928 1149 2969 so

117 2998 162 3048 est
178 2999 209 3050 ut
223 3008 286 3049 cnm
301 2988 466 3050 Palumbum
487 2988 698 3068 postulantibus
713 2988 841 3050 daturum
862 3009 895 3050 se
911 2993 1060 3069 promisit,
1084 2990 1116 3050 si

117 3081 228 3152 captas
240 3079 328 3134 esset.
344 3072 418 3133 Illud
431 3074 517 3154 plane
530 3074 708 3153 quantumvis
721 3073 875 3134 salubriter
884 3084 912 3134 ct
926 3076 1112 3154 intempore:

117 3174 179 3216 cum
196 3158 360 3236 essedario,
383 3176 437 3237 pro
460 3175 516 3236 quo
532 3166 664 3236 quattuor
680 3157 719 3217 fili
734 3157 982 3237 deprecabantur,
1006 3175 1112 3237 magno

117 3243 238 3302 omnium
254 3243 355 3303 lavore
377 3241 543 3301 indulsisset
558 3240 674 3317 rudem,
695 3241 819 3302 tabulam
836 3243 905 3303 ilico
924 3245 999 3302 misit
1016 3244 1098 3304 admo

115 3341 187 3383 nens
200 3327 345 3404 populum,
362 3331 475 3406 quanta
487 3323 706 3404 operaliberos
717 3326 877 3406 suscipere
887 3325 1020 3405 deberet,
1035 3345 1152 3409 quasso

115 3405 233 3468 uideret
254 3417 283 3470 et
302 3409 477 3490 gladiatori
493 3410 658 3489 praesidio
676 3410 860 3491 pratiaeqae
872 3429 949 3473 esse.
971 3411 1066 3473 Edidit
1083 3421 1114 3472 et

114 3489 142 3547 in
166 3489 268 3550 blartio
292 3512 393 3573 campo
416 3497 659 3573 expugnationem
685 3493 933 3575 direptionemque
956 3497 1055 3577 oppidi
1076 3493 1114 3558 ad

113 3573 264 3650 imaginem
281 3576 415 3638 bellicam
431 3587 459 3636 et
481 3577 654 3640 deditionem
670 3578 832 3640 Britanniae
850 3599 969 3660 regum,
992 3599 1114 3659 praese·
1217 3627 1218 3636 ,
