<?xml version="1.0" encoding="UTF-8"?>
<!DOCTYPE html PUBLIC "-//W3C//DTD XHTML 1.0 Transitional//EN"
    "http://www.w3.org/TR/xhtml1/DTD/xhtml1-transitional.dtd">
<html xmlns="http://www.w3.org/1999/xhtml" xml:lang="en" lang="en">
 <head>
  <title>
</title>
<meta http-equiv="Content-Type" content="text/html;charset=utf-8" />
  <meta name='ocr-system' content='tesseract 3.04.00' />
  <meta name='ocr-capabilities' content='ocr_page ocr_carea ocr_par ocr_line ocrx_word'/>
</head>
<body>
  <div class='ocr_page' id='page_1' title='image "./csuetonitranqui00suetgoog_0249.png"; bbox 0 0 2466 3896; ppageno 0'>
   <div class='ocr_carea' id='block_1_1' title="bbox 130 235 1080 304">
    <p class='ocr_par' dir='ltr' id='par_1_1' title="bbox 130 235 1080 304">
     <span class='ocr_line' id='line_1_1' title="bbox 130 235 1080 304; baseline -0.02 -4"><span class='ocrx_word' id='word_1_1' title='bbox 130 240 189 303; x_wconf 83' lang='lat'>138</span> <span class='ocrx_word' id='word_1_2' title='bbox 220 251 250 299; x_wconf 90' lang='lat' dir='ltr'>c.</span> <span class='ocrx_word' id='word_1_3' title='bbox 266 246 416 298; x_wconf 83' lang='lat' dir='ltr'>suuroru</span> <span class='ocrx_word' id='word_1_4' title='bbox 430 243 558 304; x_wconf 71' lang='lat' dir='ltr'>uacuo.</span> <span class='ocrx_word' id='word_1_5' title='bbox 574 242 621 290; x_wconf 85' lang='lat' dir='ltr'>uu</span> <span class='ocrx_word' id='word_1_6' title='bbox 637 241 720 288; x_wconf 78' lang='lat' dir='ltr'>vrun</span> <span class='ocrx_word' id='word_1_7' title='bbox 735 237 919 286; x_wconf 65' lang='lat' dir='ltr'>consanum</span> <span class='ocrx_word' id='word_1_8' title='bbox 932 235 1002 283; x_wconf 81' lang='lat' dir='ltr'>urs.</span> <span class='ocrx_word' id='word_1_9' title='bbox 1014 235 1080 282; x_wconf 88' lang='lat'>1111.</span> 
     </span>
    </p>
   </div>
   <div class='ocr_carea' id='block_1_2' title="bbox 129 381 1126 564">
    <p class='ocr_par' dir='ltr' id='par_1_2' title="bbox 129 381 1126 564">
     <span class='ocr_line' id='line_1_2' title="bbox 129 381 1126 488; baseline -0.02 -19"><span class='ocrx_word' id='word_1_10' title='bbox 129 426 185 488; x_wconf 83' lang='lat' dir='ltr'>que</span> <span class='ocrx_word' id='word_1_11' title='bbox 200 403 401 485; x_wconf 83' lang='lat' dir='ltr'>praetorianos</span> <span class='ocrx_word' id='word_1_12' title='bbox 415 381 560 474; x_wconf 84' lang='lat' dir='ltr'>exercuit,</span> <span class='ocrx_word' id='word_1_13' title='bbox 579 396 659 456; x_wconf 90' lang='lat' dir='ltr'>nullo</span> <span class='ocrx_word' id='word_1_14' title='bbox 670 414 765 456; x_wconf 86' lang='lat' dir='ltr'>rerum</span> <span class='ocrx_word' id='word_1_15' title='bbox 782 403 830 456; x_wconf 86' lang='lat' dir='ltr'>aut</span> <span class='ocrx_word' id='word_1_16' title='bbox 849 393 993 454; x_wconf 89' lang='lat' dir='ltr'>bominum</span> <span class='ocrx_word' id='word_1_17' title='bbox 1012 409 1126 469; x_wconf 74' lang='lat' dir='ltr'>genere</span> 
     </span>
     <span class='ocr_line' id='line_1_3' title="bbox 129 475 1125 564; baseline -0.019 -11"><span class='ocrx_word' id='word_1_18' title='bbox 129 492 253 564; x_wconf 80' lang='lat' dir='ltr'>omisso,</span> <span class='ocrx_word' id='word_1_19' title='bbox 281 486 327 547; x_wconf 90' lang='lat' dir='ltr'>cui</span> <span class='ocrx_word' id='word_1_20' title='bbox 351 500 410 544; x_wconf 93' lang='lat' dir='ltr'>non</span> <span class='ocrx_word' id='word_1_21' title='bbox 430 481 527 543; x_wconf 84' lang='lat' dir='ltr'>tributi</span> <span class='ocrx_word' id='word_1_22' title='bbox 550 480 658 560; x_wconf 84' lang='lat' dir='ltr'>aliquid</span> <span class='ocrx_word' id='word_1_23' title='bbox 684 482 855 559; x_wconf 88' lang='lat' dir='ltr'>imponeret.</span> <span class='ocrx_word' id='word_1_24' title='bbox 900 477 956 538; x_wconf 86' lang='lat' dir='ltr'>Pro</span> <span class='ocrx_word' id='word_1_25' title='bbox 982 475 1125 552; x_wconf 75' lang='lat' dir='ltr'>edulibus,</span> 
     </span>
    </p>
   </div>
   <div class='ocr_carea' id='block_1_3' title="bbox 90 560 1226 3576">
    <p class='ocr_par' dir='ltr' id='par_1_3' title="bbox 90 560 1226 3576">
     <span class='ocr_line' id='line_1_4' title="bbox 130 560 1126 654; baseline -0.014 -21"><span class='ocrx_word' id='word_1_26' title='bbox 130 592 205 654; x_wconf 88' lang='lat' dir='ltr'>quae</span> <span class='ocrx_word' id='word_1_27' title='bbox 217 580 278 631; x_wconf 90' lang='lat' dir='ltr'>tota</span> <span class='ocrx_word' id='word_1_28' title='bbox 292 568 363 630; x_wconf 92' lang='lat' dir='ltr'>urbe</span> <span class='ocrx_word' id='word_1_29' title='bbox 379 567 527 642; x_wconf 65' lang='lat' dir='ltr'>vendent,</span> <span class='ocrx_word' id='word_1_30' title='bbox 550 575 660 625; x_wconf 88' lang='lat' dir='ltr'>certum</span> <span class='ocrx_word' id='word_1_31' title='bbox 680 572 840 642; x_wconf 85' lang='lat' dir='ltr'>statumque</span> <span class='ocrx_word' id='word_1_32' title='bbox 861 560 1048 640; x_wconf 79' lang='lat' dir='ltr'>exigebatur;</span> <span class='ocrx_word' id='word_1_33' title='bbox 1069 576 1126 638; x_wconf 91' lang='lat' dir='ltr'>pro</span> 
     </span>
     <span class='ocr_line' id='line_1_5' title="bbox 129 646 1126 728; baseline -0.014 -11"><span class='ocrx_word' id='word_1_34' title='bbox 129 656 226 718; x_wconf 89' lang='lat' dir='ltr'>litibus</span> <span class='ocrx_word' id='word_1_35' title='bbox 247 672 283 715; x_wconf 87' lang='lat' dir='ltr'>ac</span> <span class='ocrx_word' id='word_1_36' title='bbox 301 652 414 712; x_wconf 88' lang='lat' dir='ltr'>iudiciis</span> <span class='ocrx_word' id='word_1_37' title='bbox 439 649 611 728; x_wconf 86' lang='lat' dir='ltr'>ubicumque</span> <span class='ocrx_word' id='word_1_38' title='bbox 633 651 784 727; x_wconf 88' lang='lat' dir='ltr'>conceptis</span> <span class='ocrx_word' id='word_1_39' title='bbox 804 646 1022 727; x_wconf 72' lang='lat' dir='ltr'>quadragesima</span> <span class='ocrx_word' id='word_1_40' title='bbox 1049 661 1126 704; x_wconf 84' lang='lat' dir='ltr'>sunn-</span> 
     </span>
     <span class='ocr_line' id='line_1_6' title="bbox 130 731 1152 817; baseline -0.015 -16"><span class='ocrx_word' id='word_1_41' title='bbox 130 757 209 815; x_wconf 84' lang='lat' dir='ltr'>mae‚</span> <span class='ocrx_word' id='word_1_42' title='bbox 243 738 279 798; x_wconf 85' lang='lat' dir='ltr'>de</span> <span class='ocrx_word' id='word_1_43' title='bbox 297 755 353 817; x_wconf 82' lang='lat' dir='ltr'>qus</span> <span class='ocrx_word' id='word_1_44' title='bbox 372 736 550 813; x_wconf 73' lang='lat' dir='ltr'>litigaretur,</span> <span class='ocrx_word' id='word_1_45' title='bbox 576 751 632 793; x_wconf 86' lang='lat' dir='ltr'>nec</span> <span class='ocrx_word' id='word_1_46' title='bbox 654 732 717 792; x_wconf 89' lang='lat' dir='ltr'>siue</span> <span class='ocrx_word' id='word_1_47' title='bbox 734 749 847 809; x_wconf 78' lang='lat' dir='ltr'>poena,</span> <span class='ocrx_word' id='word_1_48' title='bbox 878 731 982 809; x_wconf 89' lang='lat' dir='ltr'>siquis</span> <span class='ocrx_word' id='word_1_49' title='bbox 1005 745 1152 808; x_wconf 81' lang='lat' dir='ltr'>compo-s</span> 
     </span>
     <span class='ocr_line' id='line_1_7' title="bbox 131 812 1127 896; baseline -0.013 -12"><span class='ocrx_word' id='word_1_50' title='bbox 131 825 224 884; x_wconf 87' lang='lat' dir='ltr'>suissc</span> <span class='ocrx_word' id='word_1_51' title='bbox 245 821 293 882; x_wconf 86' lang='lat' dir='ltr'>vel</span> <span class='ocrx_word' id='word_1_52' title='bbox 316 821 441 881; x_wconf 89' lang='lat' dir='ltr'>donasse</span> <span class='ocrx_word' id='word_1_53' title='bbox 459 818 607 896; x_wconf 74' lang='lat' dir='ltr'><strong>negotium</strong></span> <span class='ocrx_word' id='word_1_54' title='bbox 629 817 867 884; x_wconf 83' lang='lat' dir='ltr'>convinceretur;</span> <span class='ocrx_word' id='word_1_55' title='bbox 897 832 934 874; x_wconf 86' lang='lat' dir='ltr'>ex</span> <span class='ocrx_word' id='word_1_56' title='bbox 958 812 1127 891; x_wconf 75' lang='lat' dir='ltr'>gerulorum</span> 
     </span>
     <span class='ocr_line' id='line_1_8' title="bbox 132 899 1128 985; baseline -0.012 -17"><span class='ocrx_word' id='word_1_57' title='bbox 132 907 238 968; x_wconf 86' lang='lat' dir='ltr'>dinruis</span> <span class='ocrx_word' id='word_1_58' title='bbox 267 903 434 985; x_wconf 75' lang='lat' dir='ltr'>quaestibus</span> <span class='ocrx_word' id='word_1_59' title='bbox 463 919 532 980; x_wconf 92' lang='lat' dir='ltr'>pars</span> <span class='ocrx_word' id='word_1_60' title='bbox 552 910 672 970; x_wconf 70' lang='lat' dir='ltr'>cctam</span> <span class='ocrx_word' id='word_1_61' title='bbox 699 918 737 960; x_wconf 86' lang='lat' dir='ltr'>ex</span> <span class='ocrx_word' id='word_1_62' title='bbox 761 899 888 979; x_wconf 89' lang='lat' dir='ltr'>capturis</span> <span class='ocrx_word' id='word_1_63' title='bbox 911 899 1128 977; x_wconf 75' lang='lat' dir='ltr'>prostituturum</span> 
     </span>
     <span class='ocr_line' id='line_1_9' title="bbox 132 979 1128 1070; baseline -0.01 -19"><span class='ocrx_word' id='word_1_64' title='bbox 132 998 265 1070; x_wconf 86' lang='lat' dir='ltr'>quantum</span> <span class='ocrx_word' id='word_1_65' title='bbox 288 1006 421 1068; x_wconf 81' lang='lat' dir='ltr'>quaeque</span> <span class='ocrx_word' id='word_1_66' title='bbox 447 1003 504 1046; x_wconf 91' lang='lat' dir='ltr'>uno</span> <span class='ocrx_word' id='word_1_67' title='bbox 537 983 691 1046; x_wconf 91' lang='lat' dir='ltr'>concubitu</span> <span class='ocrx_word' id='word_1_68' title='bbox 719 991 858 1053; x_wconf 79' lang='lat' dir='ltr'>mereret3</span> <span class='ocrx_word' id='word_1_69' title='bbox 886 982 1068 1061; x_wconf 75' lang='lat' dir='ltr'>additumque</span> <span class='ocrx_word' id='word_1_70' title='bbox 1089 979 1128 1042; x_wconf 96' lang='lat' dir='ltr'>ad</span> 
     </span>
     <span class='ocr_line' id='line_1_10' title="bbox 133 1065 1140 1154; baseline -0.012 -18"><span class='ocrx_word' id='word_1_71' title='bbox 133 1083 217 1154; x_wconf 92' lang='lat' dir='ltr'>caput</span> <span class='ocrx_word' id='word_1_72' title='bbox 231 1074 323 1152; x_wconf 78' lang='lat' dir='ltr'>legis,</span> <span class='ocrx_word' id='word_1_73' title='bbox 340 1081 370 1133; x_wconf 92' lang='lat' dir='ltr'>nt</span> <span class='ocrx_word' id='word_1_74' title='bbox 382 1078 549 1132; x_wconf 86' lang='lat' dir='ltr'>tenerentur</span> <span class='ocrx_word' id='word_1_75' title='bbox 567 1068 683 1148; x_wconf 89' lang='lat' dir='ltr'>publico</span> <span class='ocrx_word' id='word_1_76' title='bbox 700 1076 730 1128; x_wconf 92' lang='lat' dir='ltr'>et</span> <span class='ocrx_word' id='word_1_77' title='bbox 744 1085 819 1146; x_wconf 89' lang='lat' dir='ltr'>quae</span> <span class='ocrx_word' id='word_1_78' title='bbox 833 1068 1023 1127; x_wconf 89' lang='lat' dir='ltr'>meretricium</span> <span class='ocrx_word' id='word_1_79' title='bbox 1039 1065 1140 1144; x_wconf 85' lang='lat' dir='ltr'>quive‘</span> 
     </span>
     <span class='ocr_line' id='line_1_11' title="bbox 131 1150 1163 1231; baseline -0.015 -12"><span class='ocrx_word' id='word_1_80' title='bbox 131 1158 303 1219; x_wconf 90' lang='lat' dir='ltr'>lenocinium</span> <span class='ocrx_word' id='word_1_81' title='bbox 317 1157 467 1231; x_wconf 88' lang='lat' dir='ltr'>iecissent,</span> <span class='ocrx_word' id='word_1_82' title='bbox 487 1172 543 1214; x_wconf 91' lang='lat' dir='ltr'>nec</span> <span class='ocrx_word' id='word_1_83' title='bbox 558 1170 617 1213; x_wconf 89' lang='lat' dir='ltr'>non</span> <span class='ocrx_word' id='word_1_84' title='bbox 631 1160 660 1212; x_wconf 91' lang='lat' dir='ltr'>et</span> <span class='ocrx_word' id='word_1_85' title='bbox 677 1151 856 1213; x_wconf 84' lang='lat' dir='ltr'>matrimonia</span> <span class='ocrx_word' id='word_1_86' title='bbox 871 1150 996 1212; x_wconf 83' lang='lat' dir='ltr'>obnoxia</span> <span class='ocrx_word' id='word_1_87' title='bbox 1013 1156 1163 1210; x_wconf 78' lang='lat' dir='ltr'>essentne</span> 
     </span>
     <span class='ocr_line' id='line_1_12' title="bbox 91 1235 1128 1318; baseline -0.01 -16"><span class='ocrx_word' id='word_1_88' title='bbox 91 1243 202 1304; x_wconf 77' lang='lat' dir='ltr'>tlEius</span> <span class='ocrx_word' id='word_1_89' title='bbox 221 1241 298 1302; x_wconf 90' lang='lat' dir='ltr'>modi</span> <span class='ocrx_word' id='word_1_90' title='bbox 319 1238 512 1318; x_wconf 80' lang='lat' dir='ltr'>vectigalibus</span> <span class='ocrx_word' id='word_1_91' title='bbox 532 1235 644 1298; x_wconf 85' lang='lat' dir='ltr'>indictis</span> <span class='ocrx_word' id='word_1_92' title='bbox 665 1254 761 1314; x_wconf 88' lang='lat' dir='ltr'>neque</span> <span class='ocrx_word' id='word_1_93' title='bbox 780 1235 958 1314; x_wconf 84' lang='lat' dir='ltr'>propositis,</span> <span class='ocrx_word' id='word_1_94' title='bbox 992 1253 1054 1295; x_wconf 91' lang='lat' dir='ltr'>cum</span> <span class='ocrx_word' id='word_1_95' title='bbox 1071 1251 1128 1312; x_wconf 88' lang='lat' dir='ltr'>per</span> 
     </span>
     <span class='ocr_line' id='line_1_13' title="bbox 133 1317 1126 1406; baseline -0.01 -19"><span class='ocrx_word' id='word_1_96' title='bbox 133 1328 323 1406; x_wconf 81' lang='lat' dir='ltr'>ignorantiam</span> <span class='ocrx_word' id='word_1_97' title='bbox 339 1325 500 1403; x_wconf 75' lang='lat' dir='ltr'>scripturae</span> <span class='ocrx_word' id='word_1_98' title='bbox 513 1320 600 1381; x_wconf 85' lang='lat' dir='ltr'>muita</span> <span class='ocrx_word' id='word_1_99' title='bbox 615 1321 767 1382; x_wconf 84' lang='lat' dir='ltr'>commissa</span> <span class='ocrx_word' id='word_1_100' title='bbox 781 1319 898 1396; x_wconf 81' lang='lat' dir='ltr'>fierent,</span> <span class='ocrx_word' id='word_1_101' title='bbox 916 1317 1030 1379; x_wconf 84' lang='lat' dir='ltr'>tandem</span> <span class='ocrx_word' id='word_1_102' title='bbox 1044 1317 1126 1394; x_wconf 75' lang='lat' dir='ltr'>dagi-</span> 
     </span>
     <span class='ocr_line' id='line_1_14' title="bbox 132 1401 1127 1489; baseline -0.01 -18"><span class='ocrx_word' id='word_1_103' title='bbox 132 1420 210 1472; x_wconf 86' lang='lat' dir='ltr'>tante</span> <span class='ocrx_word' id='word_1_104' title='bbox 232 1409 341 1489; x_wconf 90' lang='lat' dir='ltr'>populo</span> <span class='ocrx_word' id='word_1_105' title='bbox 363 1406 515 1486; x_wconf 85' lang='lat' dir='ltr'>proposuit</span> <span class='ocrx_word' id='word_1_106' title='bbox 537 1404 651 1483; x_wconf 91' lang='lat' dir='ltr'>quidem</span> <span class='ocrx_word' id='word_1_107' title='bbox 673 1405 787 1483; x_wconf 76' lang='lat' dir='ltr'>legem,</span> <span class='ocrx_word' id='word_1_108' title='bbox 814 1403 867 1464; x_wconf 90' lang='lat' dir='ltr'>sed</span> <span class='ocrx_word' id='word_1_109' title='bbox 885 1411 916 1464; x_wconf 91' lang='lat' dir='ltr'>et</span> <span class='ocrx_word' id='word_1_110' title='bbox 932 1401 1127 1463; x_wconf 77' lang='lat' dir='ltr'>minutissimis</span> 
     </span>
     <span class='ocr_line' id='line_1_15' title="bbox 132 1487 1126 1568; baseline -0.01 -14"><span class='ocrx_word' id='word_1_111' title='bbox 132 1495 234 1555; x_wconf 88' lang='lat' dir='ltr'>litteris</span> <span class='ocrx_word' id='word_1_112' title='bbox 254 1501 283 1552; x_wconf 86' lang='lat' dir='ltr'>et</span> <span class='ocrx_word' id='word_1_113' title='bbox 307 1490 508 1568; x_wconf 82' lang='lat' dir='ltr'>angustissimo</span> <span class='ocrx_word' id='word_1_114' title='bbox 534 1489 617 1567; x_wconf 89' lang='lat' dir='ltr'>ioco,</span> <span class='ocrx_word' id='word_1_115' title='bbox 639 1490 679 1548; x_wconf 92' lang='lat' dir='ltr'>nti</span> <span class='ocrx_word' id='word_1_116' title='bbox 699 1507 736 1548; x_wconf 89' lang='lat' dir='ltr'>ne</span> <span class='ocrx_word' id='word_1_117' title='bbox 756 1488 802 1548; x_wconf 90' lang='lat' dir='ltr'>cui</span> <span class='ocrx_word' id='word_1_118' title='bbox 821 1487 990 1548; x_wconf 82' lang='lat' dir='ltr'>describere</span> <span class='ocrx_word' id='word_1_119' title='bbox 1012 1487 1126 1547; x_wconf 86' lang='lat' dir='ltr'>liceret.</span> 
     </span>
     <span class='ocr_line' id='line_1_16' title="bbox 131 1570 1161 1653; baseline -0.011 -16"><span class='ocrx_word' id='word_1_120' title='bbox 131 1578 178 1637; x_wconf 78' lang='lat' dir='ltr'>Ac</span> <span class='ocrx_word' id='word_1_121' title='bbox 193 1594 229 1635; x_wconf 92' lang='lat' dir='ltr'>ne</span> <span class='ocrx_word' id='word_1_122' title='bbox 244 1574 321 1653; x_wconf 93' lang='lat' dir='ltr'>quod</span> <span class='ocrx_word' id='word_1_123' title='bbox 341 1590 400 1632; x_wconf 92' lang='lat' dir='ltr'>non</span> <span class='ocrx_word' id='word_1_124' title='bbox 414 1570 608 1632; x_wconf 85' lang='lat' dir='ltr'>manubiarum</span> <span class='ocrx_word' id='word_1_125' title='bbox 627 1591 720 1650; x_wconf 80' lang='lat' dir='ltr'>genus</span> <span class='ocrx_word' id='word_1_126' title='bbox 741 1573 936 1650; x_wconf 85' lang='lat' dir='ltr'>experiretur,</span> <span class='ocrx_word' id='word_1_127' title='bbox 957 1571 1079 1652; x_wconf 74' lang='lat' dir='ltr'>lupanar</span> <span class='ocrx_word' id='word_1_128' title='bbox 1097 1570 1161 1629; x_wconf 81' lang='lat' dir='ltr'>in1s</span> 
     </span>
     <span class='ocr_line' id='line_1_17' title="bbox 132 1653 1127 1734; baseline -0.008 -14"><span class='ocrx_word' id='word_1_129' title='bbox 132 1659 242 1720; x_wconf 73' lang='lat' dir='ltr'>Palatio</span> <span class='ocrx_word' id='word_1_130' title='bbox 269 1657 423 1732; x_wconf 82' lang='lat' dir='ltr'>constituit,</span> <span class='ocrx_word' id='word_1_131' title='bbox 446 1654 642 1734; x_wconf 79' lang='lat' dir='ltr'>distinctisque</span> <span class='ocrx_word' id='word_1_132' title='bbox 664 1664 693 1715; x_wconf 83' lang='lat' dir='ltr'>et</span> <span class='ocrx_word' id='word_1_133' title='bbox 706 1656 852 1716; x_wconf 88' lang='lat' dir='ltr'>instructis</span> <span class='ocrx_word' id='word_1_134' title='bbox 877 1672 932 1734; x_wconf 90' lang='lat' dir='ltr'>pro</span> <span class='ocrx_word' id='word_1_135' title='bbox 957 1656 1015 1716; x_wconf 87' lang='lat' dir='ltr'>loci</span> <span class='ocrx_word' id='word_1_136' title='bbox 1035 1653 1127 1733; x_wconf 72' lang='lat' dir='ltr'>digni·</span> 
     </span>
     <span class='ocr_line' id='line_1_18' title="bbox 131 1738 1226 1820; baseline -0.004 -18"><span class='ocrx_word' id='word_1_137' title='bbox 131 1750 191 1802; x_wconf 88' lang='lat' dir='ltr'>tate</span> <span class='ocrx_word' id='word_1_138' title='bbox 207 1738 402 1819; x_wconf 87' lang='lat' dir='ltr'>compluribus</span> <span class='ocrx_word' id='word_1_139' title='bbox 420 1739 519 1816; x_wconf 86' lang='lat' dir='ltr'>cellis,</span> <span class='ocrx_word' id='word_1_140' title='bbox 541 1738 685 1818; x_wconf 89' lang='lat' dir='ltr'>inquibus</span> <span class='ocrx_word' id='word_1_141' title='bbox 705 1747 852 1800; x_wconf 85' lang='lat' dir='ltr'>matronae</span> <span class='ocrx_word' id='word_1_142' title='bbox 872 1740 1048 1820; x_wconf 81' lang='lat' dir='ltr'>ingenuique</span> <span class='ocrx_word' id='word_1_143' title='bbox 1070 1748 1126 1798; x_wconf 88' lang='lat' dir='ltr'>sta·</span> <span class='ocrx_word' id='word_1_144' title='bbox 1225 1793 1226 1818; x_wconf 30' lang='lat' dir='ltr'>q</span> 
     </span>
     <span class='ocr_line' id='line_1_19' title="bbox 133 1821 1226 1901; baseline -0.004 -16"><span class='ocrx_word' id='word_1_145' title='bbox 133 1834 212 1901; x_wconf 83' lang='lat' dir='ltr'>rent,</span> <span class='ocrx_word' id='word_1_146' title='bbox 233 1825 309 1884; x_wconf 87' lang='lat' dir='ltr'>misit</span> <span class='ocrx_word' id='word_1_147' title='bbox 330 1823 437 1884; x_wconf 90' lang='lat' dir='ltr'>circum</span> <span class='ocrx_word' id='word_1_148' title='bbox 451 1823 516 1883; x_wconf 82' lang='lat' dir='ltr'>fora</span> <span class='ocrx_word' id='word_1_149' title='bbox 537 1832 566 1882; x_wconf 87' lang='lat' dir='ltr'>et</span> <span class='ocrx_word' id='word_1_150' title='bbox 579 1821 715 1884; x_wconf 84' lang='lat' dir='ltr'>basilicas</span> <span class='ocrx_word' id='word_1_151' title='bbox 730 1823 982 1884; x_wconf 84' lang='lat' dir='ltr'>nomenculatores</span> <span class='ocrx_word' id='word_1_152' title='bbox 1002 1823 1037 1884; x_wconf 90' lang='lat' dir='ltr'>ad</span> <span class='ocrx_word' id='word_1_153' title='bbox 1055 1823 1126 1882; x_wconf 84' lang='lat' dir='ltr'>invi·</span> <span class='ocrx_word' id='word_1_154' title='bbox 1225 1825 1226 1832; x_wconf 76' lang='grc'>’</span> 
     </span>
     <span class='ocr_line' id='line_1_20' title="bbox 133 1907 1127 1986; baseline -0.004 -17"><span class='ocrx_word' id='word_1_155' title='bbox 133 1908 236 1969; x_wconf 73' lang='lat' dir='ltr'>modos</span> <span class='ocrx_word' id='word_1_156' title='bbox 256 1909 292 1968; x_wconf 91' lang='lat' dir='ltr'>ad</span> <span class='ocrx_word' id='word_1_157' title='bbox 314 1907 459 1968; x_wconf 92' lang='lat' dir='ltr'>libidinem</span> <span class='ocrx_word' id='word_1_158' title='bbox 479 1908 598 1967; x_wconf 83' lang='lat' dir='ltr'>iuvenes</span> <span class='ocrx_word' id='word_1_159' title='bbox 618 1925 776 1986; x_wconf 84' lang='lat' dir='ltr'>senesque;</span> <span class='ocrx_word' id='word_1_160' title='bbox 797 1907 929 1986; x_wconf 85' lang='lat' dir='ltr'>praebita</span> <span class='ocrx_word' id='word_1_161' title='bbox 952 1907 1127 1969; x_wconf 82' lang='lat' dir='ltr'>advenienti·</span> 
     </span>
     <span class='ocr_line' id='line_1_21' title="bbox 134 1990 1161 2072; baseline -0.004 -19"><span class='ocrx_word' id='word_1_162' title='bbox 134 1992 188 2053; x_wconf 93' lang='lat' dir='ltr'>bus</span> <span class='ocrx_word' id='word_1_163' title='bbox 204 1993 326 2072; x_wconf 81' lang='lat' dir='ltr'>pecunia</span> <span class='ocrx_word' id='word_1_164' title='bbox 344 1991 490 2068; x_wconf 85' lang='lat' dir='ltr'>fenebris,</span> <span class='ocrx_word' id='word_1_165' title='bbox 516 1991 701 2071; x_wconf 85' lang='lat' dir='ltr'>appositique</span> <span class='ocrx_word' id='word_1_166' title='bbox 716 1992 764 2070; x_wconf 91' lang='lat' dir='ltr'>qui</span> <span class='ocrx_word' id='word_1_167' title='bbox 779 1993 894 2052; x_wconf 80' lang='lat' dir='ltr'>nomina</span> <span class='ocrx_word' id='word_1_168' title='bbox 909 1991 1004 2070; x_wconf 91' lang='lat' dir='ltr'>palam</span> <span class='ocrx_word' id='word_1_169' title='bbox 1021 1990 1161 2051; x_wconf 80' lang='lat' dir='ltr'>subno-ne</span> 
     </span>
     <span class='ocr_line' id='line_1_22' title="bbox 133 2073 1129 2156; baseline -0.004 -19"><span class='ocrx_word' id='word_1_170' title='bbox 133 2085 243 2154; x_wconf 83' lang='lat' dir='ltr'>tarent,</span> <span class='ocrx_word' id='word_1_171' title='bbox 264 2078 347 2156; x_wconf 89' lang='lat' dir='ltr'>quasi</span> <span class='ocrx_word' id='word_1_172' title='bbox 367 2075 556 2137; x_wconf 80' lang='lat' dir='ltr'>adiuuantium</span> <span class='ocrx_word' id='word_1_173' title='bbox 576 2073 711 2136; x_wconf 84' lang='lat' dir='ltr'>Caesaris</span> <span class='ocrx_word' id='word_1_174' title='bbox 732 2074 851 2135; x_wconf 89' lang='lat' dir='ltr'>reditus.</span> <span class='ocrx_word' id='word_1_175' title='bbox 893 2079 940 2136; x_wconf 79' lang='lat' dir='ltr'>dc</span> <span class='ocrx_word' id='word_1_176' title='bbox 954 2095 991 2137; x_wconf 87' lang='lat' dir='ltr'>ne</span> <span class='ocrx_word' id='word_1_177' title='bbox 1009 2095 1046 2136; x_wconf 86' lang='lat' dir='ltr'>ex</span> <span class='ocrx_word' id='word_1_178' title='bbox 1064 2074 1129 2134; x_wconf 92' lang='lat' dir='ltr'>lusu</span> 
     </span>
     <span class='ocr_line' id='line_1_23' title="bbox 134 2158 1225 2239; baseline -0.001 -19"><span class='ocrx_word' id='word_1_179' title='bbox 134 2161 249 2239; x_wconf 90' lang='lat' dir='ltr'>quidem</span> <span class='ocrx_word' id='word_1_180' title='bbox 269 2161 352 2222; x_wconf 88' lang='lat' dir='ltr'>alenc</span> <span class='ocrx_word' id='word_1_181' title='bbox 378 2158 577 2239; x_wconf 87' lang='lat' dir='ltr'>compendium</span> <span class='ocrx_word' id='word_1_182' title='bbox 599 2176 758 2237; x_wconf 81' lang='lat' dir='ltr'>spernens,</span> <span class='ocrx_word' id='word_1_183' title='bbox 781 2159 848 2237; x_wconf 89' lang='lat' dir='ltr'>plus</span> <span class='ocrx_word' id='word_1_184' title='bbox 869 2159 1020 2221; x_wconf 85' lang='lat' dir='ltr'>mendacio</span> <span class='ocrx_word' id='word_1_185' title='bbox 1041 2168 1129 2238; x_wconf 85' lang='lat' dir='ltr'>utque</span> <span class='ocrx_word' id='word_1_186' title='bbox 1224 2189 1225 2193; x_wconf 60' lang='lat'><em>=</em></span> 
     </span>
     <span class='ocr_line' id='line_1_24' title="bbox 134 2241 1224 2323; baseline -0.001 -20"><span class='ocrx_word' id='word_1_187' title='bbox 134 2245 219 2304; x_wconf 87' lang='lat' dir='ltr'>etiam</span> <span class='ocrx_word' id='word_1_188' title='bbox 236 2246 363 2323; x_wconf 89' lang='lat' dir='ltr'>periurio</span> <span class='ocrx_word' id='word_1_189' title='bbox 387 2243 561 2305; x_wconf 86' lang='lat' dir='ltr'>lucrabatur.</span> <span class='ocrx_word' id='word_1_190' title='bbox 603 2242 641 2303; x_wconf 89' lang='lat' dir='ltr'>Et</span> <span class='ocrx_word' id='word_1_191' title='bbox 661 2241 803 2322; x_wconf 87' lang='lat' dir='ltr'>quondam</span> <span class='ocrx_word' id='word_1_192' title='bbox 826 2245 959 2322; x_wconf 85' lang='lat' dir='ltr'>proximo</span> <span class='ocrx_word' id='word_1_193' title='bbox 980 2243 1130 2304; x_wconf 83' lang='lat' dir='ltr'>conlusori</span> <span class='ocrx_word' id='word_1_194' title='bbox 1215 2241 1224 2284; x_wconf 57' lang='grc' dir='ltr'>Ἴ</span> 
     </span>
     <span class='ocr_line' id='line_1_25' title="bbox 135 2326 1128 2406; baseline 0.003 -21"><span class='ocrx_word' id='word_1_195' title='bbox 135 2326 302 2389; x_wconf 86' lang='lat' dir='ltr'>demandata</span> <span class='ocrx_word' id='word_1_196' title='bbox 316 2330 382 2388; x_wconf 83' lang='lat' dir='ltr'>uice</span> <span class='ocrx_word' id='word_1_197' title='bbox 401 2346 452 2389; x_wconf 88' lang='lat' dir='ltr'>sua</span> <span class='ocrx_word' id='word_1_198' title='bbox 471 2344 646 2406; x_wconf 80' lang='lat' dir='ltr'>progressus</span> <span class='ocrx_word' id='word_1_199' title='bbox 659 2327 689 2386; x_wconf 92' lang='lat' dir='ltr'>in</span> <span class='ocrx_word' id='word_1_200' title='bbox 705 2329 805 2386; x_wconf 90' lang='lat' dir='ltr'>atrium</span> <span class='ocrx_word' id='word_1_201' title='bbox 824 2326 941 2406; x_wconf 89' lang='lat' dir='ltr'>domus,</span> <span class='ocrx_word' id='word_1_202' title='bbox 964 2347 1028 2390; x_wconf 88' lang='lat' dir='ltr'>cum</span> <span class='ocrx_word' id='word_1_203' title='bbox 1045 2345 1128 2406; x_wconf 87' lang='lat' dir='ltr'>prae·</span> 
     </span>
     <span class='ocr_line' id='line_1_26' title="bbox 134 2410 1162 2490; baseline 0.005 -22"><span class='ocrx_word' id='word_1_204' title='bbox 134 2411 272 2469; x_wconf 88' lang='lat' dir='ltr'>tereuntis</span> <span class='ocrx_word' id='word_1_205' title='bbox 294 2410 367 2471; x_wconf 89' lang='lat' dir='ltr'>duos</span> <span class='ocrx_word' id='word_1_206' title='bbox 389 2414 501 2490; x_wconf 89' lang='lat' dir='ltr'>equites</span> <span class='ocrx_word' id='word_1_207' title='bbox 520 2412 556 2472; x_wconf 85' lang='lat' dir='ltr'>R.</span> <span class='ocrx_word' id='word_1_208' title='bbox 571 2410 726 2489; x_wconf 88' lang='lat' dir='ltr'>locupletis</span> <span class='ocrx_word' id='word_1_209' title='bbox 747 2413 809 2471; x_wconf 89' lang='lat' dir='ltr'>sine</span> <span class='ocrx_word' id='word_1_210' title='bbox 829 2429 910 2471; x_wconf 89' lang='lat' dir='ltr'>mora</span> <span class='ocrx_word' id='word_1_211' title='bbox 930 2411 1038 2490; x_wconf 87' lang='lat' dir='ltr'>corripi</span> <span class='ocrx_word' id='word_1_212' title='bbox 1059 2424 1162 2473; x_wconf 70' lang='lat' dir='ltr'>con-nt</span> 
     </span>
     <span class='ocr_line' id='line_1_27' title="bbox 136 2493 1129 2576; baseline 0.001 -23"><span class='ocrx_word' id='word_1_213' title='bbox 136 2494 288 2571; x_wconf 88' lang='lat' dir='ltr'>flscarique</span> <span class='ocrx_word' id='word_1_214' title='bbox 308 2494 454 2572; x_wconf 83' lang='lat' dir='ltr'>iussisset,</span> <span class='ocrx_word' id='word_1_215' title='bbox 482 2494 613 2555; x_wconf 85' lang='lat' dir='ltr'>exultans</span> <span class='ocrx_word' id='word_1_216' title='bbox 640 2493 725 2554; x_wconf 86' lang='lat' dir='ltr'>rediit</span> <span class='ocrx_word' id='word_1_217' title='bbox 749 2493 953 2576; x_wconf 77' lang='lat' dir='ltr'>gloriansque,</span> <span class='ocrx_word' id='word_1_218' title='bbox 977 2513 1129 2574; x_wconf 91' lang='lat' dir='ltr'>numquam</span> 
     </span>
     <span class='ocr_line' id='line_1_28' title="bbox 135 2578 551 2655; baseline 0 -19"><span class='ocrx_word' id='word_1_219' title='bbox 135 2596 167 2636; x_wconf 91' lang='lat' dir='ltr'>se</span> <span class='ocrx_word' id='word_1_220' title='bbox 182 2579 370 2655; x_wconf 86' lang='lat' dir='ltr'>prosperiore</span> <span class='ocrx_word' id='word_1_221' title='bbox 383 2578 448 2638; x_wconf 83' lang='lat' dir='ltr'>alea</span> <span class='ocrx_word' id='word_1_222' title='bbox 461 2596 551 2638; x_wconf 84' lang='lat' dir='ltr'>usum.</span> 
     </span>
     <span class='ocr_line' id='line_1_29' title="bbox 92 2660 1129 2743; baseline 0.003 -22"><span class='ocrx_word' id='word_1_223' title='bbox 92 2667 126 2721; x_wconf 76' lang='lat' dir='ltr'>tn</span> <span class='ocrx_word' id='word_1_224' title='bbox 196 2660 270 2721; x_wconf 82' lang='lat' dir='ltr'>Filia</span> <span class='ocrx_word' id='word_1_225' title='bbox 284 2678 356 2721; x_wconf 88' lang='lat' dir='ltr'>vero</span> <span class='ocrx_word' id='word_1_226' title='bbox 371 2671 453 2734; x_wconf 79' lang='lat' dir='ltr'>nuta,</span> <span class='ocrx_word' id='word_1_227' title='bbox 476 2671 676 2741; x_wconf 88' lang='lat' dir='ltr'>paupertatem</span> <span class='ocrx_word' id='word_1_228' title='bbox 696 2681 751 2724; x_wconf 90' lang='lat' dir='ltr'>nec</span> <span class='ocrx_word' id='word_1_229' title='bbox 764 2663 820 2724; x_wconf 89' lang='lat' dir='ltr'>iam</span> <span class='ocrx_word' id='word_1_230' title='bbox 842 2663 1026 2743; x_wconf 84' lang='lat' dir='ltr'>imperatoria</span> <span class='ocrx_word' id='word_1_231' title='bbox 1040 2663 1129 2724; x_wconf 91' lang='lat' dir='ltr'>modo</span> 
     </span>
     <span class='ocr_line' id='line_1_30' title="bbox 133 2744 1129 2824; baseline 0.001 -18"><span class='ocrx_word' id='word_1_232' title='bbox 133 2744 231 2806; x_wconf 85' lang='lat' dir='ltr'>sedet</span> <span class='ocrx_word' id='word_1_233' title='bbox 247 2745 338 2824; x_wconf 83' lang='lat' dir='ltr'>patria</span> <span class='ocrx_word' id='word_1_234' title='bbox 354 2761 537 2824; x_wconf 89' lang='lat' dir='ltr'>conquerens</span> <span class='ocrx_word' id='word_1_235' title='bbox 552 2764 656 2823; x_wconf 89' lang='lat' dir='ltr'>onera,</span> <span class='ocrx_word' id='word_1_236' title='bbox 675 2747 855 2809; x_wconf 74' lang='lat' dir='ltr'>conlationes</span> <span class='ocrx_word' id='word_1_237' title='bbox 873 2749 902 2808; x_wconf 93' lang='lat' dir='ltr'>in</span> <span class='ocrx_word' id='word_1_238' title='bbox 916 2747 1079 2809; x_wconf 89' lang='lat' dir='ltr'>alimonium</span> <span class='ocrx_word' id='word_1_239' title='bbox 1092 2765 1129 2807; x_wconf 86' lang='lat' dir='ltr'>uo</span> 
     </span>
     <span class='ocr_line' id='line_1_31' title="bbox 133 2827 1166 2908; baseline 0.004 -20"><span class='ocrx_word' id='word_1_240' title='bbox 133 2828 229 2889; x_wconf 87' lang='lat' dir='ltr'>dotem</span> <span class='ocrx_word' id='word_1_241' title='bbox 250 2827 366 2907; x_wconf 89' lang='lat' dir='ltr'>puellae</span> <span class='ocrx_word' id='word_1_242' title='bbox 385 2831 507 2908; x_wconf 88' lang='lat' dir='ltr'>recepit.</span> <span class='ocrx_word' id='word_1_243' title='bbox 550 2829 648 2891; x_wconf 83' lang='lat' dir='ltr'>Edixit</span> <span class='ocrx_word' id='word_1_244' title='bbox 668 2839 697 2890; x_wconf 92' lang='lat' dir='ltr'>et</span> <span class='ocrx_word' id='word_1_245' title='bbox 717 2839 830 2893; x_wconf 84' lang='lat' dir='ltr'>strenas</span> <span class='ocrx_word' id='word_1_246' title='bbox 854 2833 970 2892; x_wconf 88' lang='lat' dir='ltr'>ineunte</span> <span class='ocrx_word' id='word_1_247' title='bbox 993 2849 1069 2892; x_wconf 83' lang='lat' dir='ltr'>anno</span> <span class='ocrx_word' id='word_1_248' title='bbox 1093 2841 1166 2891; x_wconf 60' lang='lat' dir='ltr'>seu</span> 
     </span>
     <span class='ocr_line' id='line_1_32' title="bbox 133 2913 1128 2994; baseline 0.002 -22"><span class='ocrx_word' id='word_1_249' title='bbox 133 2920 315 2991; x_wconf 85' lang='lat' dir='ltr'>recepturum</span> <span class='ocrx_word' id='word_1_250' title='bbox 329 2913 464 2992; x_wconf 86' lang='lat' dir='ltr'>stetitque</span> <span class='ocrx_word' id='word_1_251' title='bbox 478 2915 507 2972; x_wconf 96' lang='lat' dir='ltr'>in</span> <span class='ocrx_word' id='word_1_252' title='bbox 525 2914 669 2975; x_wconf 85' lang='lat' dir='ltr'>vestibulo</span> <span class='ocrx_word' id='word_1_253' title='bbox 685 2914 797 2975; x_wconf 82' lang='lat' dir='ltr'>aedium</span> <span class='ocrx_word' id='word_1_254' title='bbox 819 2914 867 2975; x_wconf 69' lang='lat'>111.</span> <span class='ocrx_word' id='word_1_255' title='bbox 880 2915 941 2976; x_wconf 83' lang='lat' dir='ltr'>Ian.</span> <span class='ocrx_word' id='word_1_256' title='bbox 954 2915 990 2975; x_wconf 83' lang='lat' dir='ltr'>ad</span> <span class='ocrx_word' id='word_1_257' title='bbox 1011 2924 1128 2994; x_wconf 85' lang='lat' dir='ltr'>captan-</span> 
     </span>
     <span class='ocr_line' id='line_1_33' title="bbox 133 2994 1222 3075; baseline 0.003 -21"><span class='ocrx_word' id='word_1_258' title='bbox 133 2994 185 3055; x_wconf 86' lang='lat' dir='ltr'>das</span> <span class='ocrx_word' id='word_1_259' title='bbox 204 2997 315 3074; x_wconf 87' lang='lat' dir='ltr'>stipes,</span> <span class='ocrx_word' id='word_1_260' title='bbox 334 3013 407 3074; x_wconf 86' lang='lat' dir='ltr'>quus</span> <span class='ocrx_word' id='word_1_261' title='bbox 423 2997 518 3075; x_wconf 86' lang='lat' dir='ltr'>plenis</span> <span class='ocrx_word' id='word_1_262' title='bbox 534 3008 601 3059; x_wconf 85' lang='lat' dir='ltr'>autc</span> <span class='ocrx_word' id='word_1_263' title='bbox 615 3017 679 3058; x_wconf 92' lang='lat' dir='ltr'>eum</span> <span class='ocrx_word' id='word_1_264' title='bbox 695 2996 824 3058; x_wconf 86' lang='lat' dir='ltr'>munibus</span> <span class='ocrx_word' id='word_1_265' title='bbox 839 3015 876 3057; x_wconf 87' lang='lat' dir='ltr'>ac</span> <span class='ocrx_word' id='word_1_266' title='bbox 889 3001 953 3057; x_wconf 87' lang='lat' dir='ltr'>sinu</span> <span class='ocrx_word' id='word_1_267' title='bbox 968 2999 1061 3058; x_wconf 84' lang='lat' dir='ltr'>omnis</span> <span class='ocrx_word' id='word_1_268' title='bbox 1075 3015 1128 3075; x_wconf 71' lang='lat' dir='ltr'>ge·</span> <span class='ocrx_word' id='word_1_269' title='bbox 1221 2999 1222 3002; x_wconf 72' lang='grc'>’</span> 
     </span>
     <span class='ocr_line' id='line_1_34' title="bbox 132 3078 1221 3159; baseline 0.004 -23"><span class='ocrx_word' id='word_1_270' title='bbox 132 3078 209 3137; x_wconf 88' lang='lat' dir='ltr'>ueris</span> <span class='ocrx_word' id='word_1_271' title='bbox 238 3078 320 3139; x_wconf 89' lang='lat' dir='ltr'>turba</span> <span class='ocrx_word' id='word_1_272' title='bbox 349 3079 495 3140; x_wconf 83' lang='lat' dir='ltr'>fundebat.</span> <span class='ocrx_word' id='word_1_273' title='bbox 537 3080 702 3141; x_wconf 80' lang='lat' dir='ltr'>Novissime</span> <span class='ocrx_word' id='word_1_274' title='bbox 732 3079 955 3141; x_wconf 85' lang='lat' dir='ltr'>contrectandae</span> <span class='ocrx_word' id='word_1_275' title='bbox 986 3080 1129 3159; x_wconf 75' lang='lat' dir='ltr'>pecuniae</span> <span class='ocrx_word' id='word_1_276' title='bbox 1220 3099 1221 3106; x_wconf 54' lang='lat'>¹</span> 
     </span>
     <span class='ocr_line' id='line_1_35' title="bbox 133 3159 1128 3242; baseline 0.005 -23"><span class='ocrx_word' id='word_1_277' title='bbox 133 3159 265 3236; x_wconf 92' lang='lat' dir='ltr'>cupidine</span> <span class='ocrx_word' id='word_1_278' title='bbox 279 3162 430 3238; x_wconf 85' lang='lat' dir='ltr'>incensus,</span> <span class='ocrx_word' id='word_1_279' title='bbox 451 3181 541 3241; x_wconf 83' lang='lat' dir='ltr'>saepe</span> <span class='ocrx_word' id='word_1_280' title='bbox 557 3167 815 3242; x_wconf 87' lang='lat' dir='ltr'>superimmensus</span> <span class='ocrx_word' id='word_1_281' title='bbox 831 3181 984 3224; x_wconf 74' lang='lat' dir='ltr'>aureorum</span> <span class='ocrx_word' id='word_1_282' title='bbox 1001 3181 1128 3224; x_wconf 83' lang='lat' dir='ltr'>acervos</span> 
     </span>
     <span class='ocr_line' id='line_1_36' title="bbox 133 3243 1163 3326; baseline 0.01 -28"><span class='ocrx_word' id='word_1_283' title='bbox 133 3243 329 3318; x_wconf 87' lang='lat' dir='ltr'>patentissimo</span> <span class='ocrx_word' id='word_1_284' title='bbox 354 3244 473 3305; x_wconf 77' lang='lat' dir='ltr'>diffusos</span> <span class='ocrx_word' id='word_1_285' title='bbox 487 3245 557 3306; x_wconf 92' lang='lat' dir='ltr'>ioco</span> <span class='ocrx_word' id='word_1_286' title='bbox 579 3257 608 3307; x_wconf 90' lang='lat' dir='ltr'>et</span> <span class='ocrx_word' id='word_1_287' title='bbox 627 3245 710 3306; x_wconf 90' lang='lat' dir='ltr'>undis</span> <span class='ocrx_word' id='word_1_288' title='bbox 725 3245 847 3324; x_wconf 84' lang='lat' dir='ltr'>pedibus</span> <span class='ocrx_word' id='word_1_289' title='bbox 866 3247 1005 3326; x_wconf 87' lang='lat' dir='ltr'>spatiatus</span> <span class='ocrx_word' id='word_1_290' title='bbox 1020 3257 1049 3307; x_wconf 87' lang='lat' dir='ltr'>et</span> <span class='ocrx_word' id='word_1_291' title='bbox 1064 3256 1127 3308; x_wconf 83' lang='lat' dir='ltr'>toto</span> <span class='ocrx_word' id='word_1_292' title='bbox 1137 3254 1163 3298; x_wconf 72' lang='lat'>³⁸</span> 
     </span>
     <span class='ocr_line' id='line_1_37' title="bbox 90 3324 1220 3494; baseline 0.009 -30"><span class='ocrx_word' id='word_1_293' title='bbox 90 3324 598 3486; x_wconf 50' lang='lat' dir='ltr'>”corplpiqpfiqqqqqaeqqpeupqqltpotpss</span> <span class='ocrx_word' id='word_1_294' title='bbox 615 3337 710 3472; x_wconf 48' lang='lat'><em>{2201</em></span> <span class='ocrx_word' id='word_1_295' title='bbox 730 3413 840 3490; x_wconf 72' lang='lat' dir='ltr'>attigit,</span> <span class='ocrx_word' id='word_1_296' title='bbox 862 3432 959 3494; x_wconf 86' lang='lat' dir='ltr'>neque</span> <span class='ocrx_word' id='word_1_297' title='bbox 981 3431 1019 3474; x_wconf 86' lang='lat' dir='ltr'>ex</span> <span class='ocrx_word' id='word_1_298' title='bbox 1039 3413 1128 3474; x_wconf 84' lang='lat' dir='ltr'>desti·</span> <span class='ocrx_word' id='word_1_299' title='bbox 1219 3439 1220 3488; x_wconf 60' lang='lat' dir='ltr'>p</span> 
     </span>
     <span class='ocr_line' id='line_1_38' title="bbox 133 3481 1220 3576; baseline 0.019 -38"><span class='ocrx_word' id='word_1_300' title='bbox 133 3488 208 3557; x_wconf 85' lang='lat' dir='ltr'>nato,</span> <span class='ocrx_word' id='word_1_301' title='bbox 229 3481 281 3541; x_wconf 78' lang='lat' dir='ltr'>sod</span> <span class='ocrx_word' id='word_1_302' title='bbox 297 3503 359 3546; x_wconf 92' lang='lat' dir='ltr'>cum</span> <span class='ocrx_word' id='word_1_303' title='bbox 376 3490 411 3549; x_wconf 89' lang='lat' dir='ltr'>ad</span> <span class='ocrx_word' id='word_1_304' title='bbox 423 3493 571 3553; x_wconf 82' lang='lat' dir='ltr'>visendum</span> <span class='ocrx_word' id='word_1_305' title='bbox 586 3513 684 3555; x_wconf 89' lang='lat' dir='ltr'>nemus</span> <span class='ocrx_word' id='word_1_306' title='bbox 700 3495 862 3576; x_wconf 83' lang='lat' dir='ltr'>flumenque</span> <span class='ocrx_word' id='word_1_307' title='bbox 880 3497 1013 3559; x_wconf 82' lang='lat' dir='ltr'>Clitumni</span> <span class='ocrx_word' id='word_1_308' title='bbox 1027 3497 1128 3560; x_wconf 75' lang='lat' dir='ltr'>bleva-</span> <span class='ocrx_word' id='word_1_309' title='bbox 1219 3525 1220 3551; x_wconf 59' lang='lat' dir='ltr'>u</span> 
     </span>
    </p>
   </div>
   <div class='ocr_carea' id='block_1_4' title="bbox 0 0 1244 3896">
    <p class='ocr_par' dir='ltr' id='par_1_4' title="bbox 0 0 1244 3896">
     <span class='ocr_line' id='line_1_39' title="bbox 0 0 1244 3896; baseline 0 0"><span class='ocrx_word' id='word_1_310' title='bbox 0 0 1244 3896; x_wconf 95' lang='lat' dir='ltr'> </span> 
     </span>
    </p>
   </div>
  </div>
 </body>
</html>
