2392 3926
209 213 486 265 osrnaorrosun
506 210 687 259 Lmuonun
709 207 910 270 snnroomn.
995 192 1059 256 289

63 375 203 428 oratoribus
216 381 240 423 et
253 372 285 423 de
303 371 395 437 poetis.
424 369 455 418 Et
473 369 511 418 de
528 367 722 419 Oratoribus
739 365 840 429 quidem
853 363 1021 429 Hieronymus
1033 365 1066 436 lu,

63 445 200 505 Chronico,
212 443 309 492 adiecto
321 442 425 504 insuper
440 438 494 488 suis
506 435 738 486 ratiocinationibus
751 433 917 486 annorum'sb
927 433 989 484 urbe
999 446 1061 484 cou-

63 515 116 565 dita
128 511 270 573 notatione,
284 508 442 558 conservavit
454 506 563 555 frustula
577 503 653 553 haec:
693 566 696 574 ,

124 598 163 660 lll.
185 596 294 657 Tullius
315 593 420 655 Cicero
440 593 544 672 Arpini
570 592 697 651 nascitur
716 599 808 650 matre
826 591 947 668 Helvia,
978 597 1061 670 patre

39 683 207 762 sequestris
223 679 331 740 ordinis
347 697 384 737 ex
398 679 481 754 regio
501 676 677 739 Volscorum
688 691 816 752 genere;
840 673 893 735 Cn.
904 674 1061 755 Pompeius

62 768 185 844 lllagnus
204 767 295 825 oritur
313 780 342 822 c.
360 770 420 823 648
436 775 443 818 ·.
461 805 468 819 .
484 806 492 818 .
508 761 658 822 Vicesimo
680 767 765 818 sexto
781 760 885 819 aetatis
900 777 971 819 suae
985 775 1061 820 anno
1105 825 1109 838 ι

64 852 168 912 Cicero
185 849 328 925 Quintium
343 845 472 907 defendit
487 863 516 905 c.
536 852 637 906 673..
656 888 663 902 .
679 843 790 904 Roscio
809 852 909 903 eontra
932 842 1061 918 Chryso-

44 951 171 1014 gonum
193 933 313 993 deleuso
336 929 442 991 Cicero
457 928 588 990 Athenas
610 927 736 1005 secedit,
758 925 863 988 deinde
885 937 952 1007 post
974 930 1061 987 trien·

63 1023 140 1079 nium
154 1018 275 1078 Romam
294 1013 457 1093 regreditur
478 1031 508 1073 a.
523 1021 582 1075 674
598 1058 606 1072 .
623 1058 630 1071 .
649 1057 656 1071 .
673 1011 780 1073 Cicero
801 1012 830 1071 in
850 1011 941 1073 exilio
959 1029 1062 1072 anuum

30 1105 134 1164 refacit
148 1101 310 1162 honorilice
328 1107 481 1176 susceptus
497 1116 514 1159 a
528 1097 647 1158 Plancio
663 1115 693 1157 α.
711 1103 809 1158 393-
817 1103 873 1157 697
891 1140 940 1177 ·,··
956 1095 1063 1157 Cicero

64 1190 93 1247 in
115 1185 269 1247 Formiano
293 1201 345 1244 suo
369 1183 404 1244 ab
424 1181 571 1241 Herennio
595 1190 623 1240 et
650 1179 766 1260 Popilio
797 1179 940 1241 occiditur
960 1178 1063 1240 lxlv.

65 1271 168 1332 aetatis
183 1287 253 1329 suae
271 1284 361 1338 auuo;
386 1265 537 1327 Ciceronis
560 1275 646 1344 caput
667 1282 731 1326 oum
756 1282 840 1326 mauu
864 1265 985 1326 dextera
1007 1280 1062 1343 pro

65 1355 170 1416 rostris
185 1354 323 1433 positum,
339 1352 476 1430 iuxtaque
492 1358 629 1410 coronata
644 1351 742 1426 imago
754 1349 861 1430 Popilii
876 1349 991 1425 militis,
1015 1348 1064 1428 qui

66 1456 131 1499 eum
145 1437 294 1497 occiderat
310 1453 340 1496 α.
360 1443 413 1496 711
429 1480 436 1493 .
451 1481 458 1494 .
474 1479 482 1493 .
498 1433 536 1494 Μ.
554 1433 664 1494 Tullius
676 1432 745 1493 'liro
761 1432 914 1495 Ciceronis
931 1433 1064 1510 libertus,

31 1541 56 1584 rs
67 1524 120 1602 qui·
131 1521 239 1601 primus
254 1528 337 1580 notas
356 1520 681 1595 commentationum
696 1517 855 1580 Puteolano
873 1518 995 1598 praedio
1010 1533 1063 1577 suo

65 1605 209 1684 usquead
225 1605 410 1666 centesimum
426 1621 528 1665 annum
545 1603 732 1664 consenescit
746 1619 776 1664 a.
792 1610 860 1664 749.
876 1611 944 1664 753.

128 1706 166 1767 Μ.
184 1704 322 1766 Callidius
338 1714 436 1766 orator
451 1704 546 1764 clarus
561 1703 698 1774 hahetur;
715 1706 763 1783 qui
775 1703 855 1766 bello
868 1713 972 1784 postea
985 1702 1064 1766 civili

67 1791 256 1852 Caesarianas
276 1798 373 1868 partes
389 1798 522 1867 secutus,
547 1807 610 1849 cum
630 1788 771 1866 Togatam
793 1788 915 1850 Calliam
936 1795 1064 1867 regeret,

66 1875 232 1936 Placentiae
249 1873 321 1933 obiit
341 1890 369 1933 a.
394 1879 472 1934 697.
489 1918 496 1931 .
514 1918 521 1932 .
539 1872 740 1952 Apollodorus
760 1873 957 1952 Pergamenus
976 1871 1063 1933 Crac-

30 1977 57 2019 co
69 1978 119 2019 cus
137 1967 249 2034 orator,
278 1965 454 2036 praeceptor
475 1956 590 2018 Callidii
611 1965 642 2017 et
663 1956 803 2035 Augusti,
829 1956 925 2018 clarus
943 1956 1065 2017 hahetur

67 2062 98 2104 a.
117 2049 181 2105 690.
202 2047 268 2103 691.

129 2142 271 2210 Munatius
293 2141 431 2219 Plancus,
456 2140 607 2202 Ciceronis
632 2140 808 2220 discipulus,
825 2150 924 2204 orator
943 2140 1065 2202 liabetur

66 2227 205 2305 insignis;
225 2227 272 2304 qui
290 2244 352 2288 cum
368 2225 488 2287 Galliam
502 2236 622 2304 regeret
638 2226 799 2304 Comatam,
814 2225 980 2305 Lugdunum
997 2243 1064 2286 con·

67 2312 139 2372 didit
154 2328 183 2370 o.
199 2317 263 2371 ⁷29.
279 2318 344 2371 733.

31 2417 59 2456 cc
133 2393 220 2455 Curio
246 2401 397 2475 promptus
424 2404 452 2455 et
473 2395 623 2473 popularis
645 2404 743 2457 orator
756 2395 867 2457 Romae
888 2394 1010 2457 liabetur
1024 2395 1065 2454 in·

68 2479 176 2556 signis,
194 2480 241 2556 qui
262 2479 402 2558 deinceps
423 2480 452 2538 in
466 2479 567 2540 Africa
583 2480 695 2559 pudore
710 2480 807 2540 amissi
831 2481 977 2542 exercitus
992 2479 1066 2541 mori
1097 2547 1099 2554 ¹

66 2563 166 2623 maluit
177 2575 261 2641 quam
276 2563 373 2623 redire
390 2580 420 2623 α.
437 2571 502 2623 701.
525 2571 603 2646 732.-

132 2645 230 2707 Furnii
259 2657 342 2727 pater
367 2656 396 2707 et
423 2647 497 2708 lilius
517 2648 743 2709 clarioratores
762 2648 921 2727 habentur,
944 2665 1066 2727 quorum

67 2731 143 2793 lilius
160 2730 320 2790 consularis
337 2740 404 2792 ante
418 2741 530 2812 patrem
544 2734 664 2794 moritur
680 2750 710 2795 a.
730 2742 793 2795 717.
815 2740 880 2793 718.

32 2842 57 2883 ³0
130 2814 293 2894 Atratinus,
311 2818 358 2894 qui
374 2816 582 2896 septemdecim
597 2836 689 2879 annos
705 2826 788 2878 natus
803 2815 932 2878 Caelium
947 2834 1065 2877 accusa-

67 2907 167 2977 verat,
192 2899 286 2959 clams
310 2901 386 2961 inter
409 2907 543 2961 oratores
558 2900 693 2971 liabetur:
720 2902 756 2963 ad
778 2910 936 2963 extremum
950 2899 1065 2961 morbo·

67 3001 129 3043 rum
144 2983 241 3044 taedio
257 2985 286 3044 in
300 2983 406 3046 balneo
420 2985 570 3046 voluntate
592 2987 769 3047 exanimatos
791 2985 929 3056 heredem
949 2984 1066 3065 reliquit

68 3066 228 3145 Augustum
244 3085 273 3128 a.
292 3076 357 3129 733.
388 3077 455 3130 734.

129 3150 245 3212 Asinius
270 3152 363 3213 Pollio
390 3162 489 3214 orator
516 3163 544 3214 et
572 3155 749 3232 consularis,
778 3155 827 3234 qui
860 3154 898 3215 de
926 3152 1065 3214 Dalmatis

33 3261 59 3302 aa,
68 3236 302 3314 triumphaverat,
309 3239 337 3297 in
351 3237 672 3300 villaTusculanaamro
686 3240 869 3317 octogesimo
881 3239 983 3300 aetatis
995 3257 1065 3300 suae

68 3321 185 3379 moritur
200 3339 229 3381 c.
249 3329 315 3382 757.
332 3330 400 3402 738.
1081 3345 1084 3350 ·

129 3403 256 3466 lllessala
278 3404 422 3468 Corvinus
438 3417 538 3468 orator
560 3408 688 3472 nascitur
706 3415 735 3468 et
750 3406 784 3467 Τ.
800 3406 897 3467 Livius
911 3407 1065 3469 Patavinae

66 3489 193 3567 scriptor
207 3489 361 3552 historicus
384 3509 414 3554 a.
428 3499 486 3554 695
494 3499 611 3555 —697.
627 3538 633 3552 .
650 3537 659 3554 .
675 3538 682 3552 .
699 3492 825 3554 Messala
842 3489 985 3554 Corvinus
1006 3491 1064 3571 pri-

118 3592 269 3634 sunrortms.
873 3577 912 3637 19
