2468 3912
463 215 568 264 mvus
590 214 778 264 accusans.
1049 202 1088 264 tt

95 369 191 448 potius
204 369 285 447 sequi
301 368 475 447 opinionem,
493 373 540 448 qui
556 371 675 449 perinde
693 369 874 432 scribendum
890 387 925 430 ac
939 370 1089 449 loquamur

95 452 268 512 existiment.
298 452 370 512 Nam
392 453 469 533 quod
491 471 581 534 saepe
596 473 653 515 non
666 455 777 515 litteras
791 453 877 514 modo
894 454 946 514 sed
961 451 1089 529 syllabas

95 545 142 596 aut
167 545 309 615 permutat
331 545 379 598 aut
405 540 558 616 praeterit,
585 540 742 600 communis
762 538 906 598 hominum
928 555 1011 598 error
1033 545 1088 597 est.

94 619 158 681 Nec
172 637 229 698 ego
245 619 273 680 id
288 630 431 698 notarem,
448 622 501 681 uisi
515 623 582 683 mihi
597 625 696 682 mirum
711 622 857 683 videretur
872 621 1025 684 tradidisse
1039 621 1088 680 ali-

68 716 184 783 tqnos,
206 705 304 782 legato
326 724 389 766 eum
412 706 556 767 consulari
580 723 782 767 successorem
804 706 919 767 dedisse
942 715 972 766 ut
986 705 1048 765 rndi
1062 713 1090 764 ct

94 787 227 865 indocto,
252 790 332 848 cuins
352 808 435 850 manu
458 789 507 851 imi
523 807 576 870 pro
600 791 665 870 ipsi
685 791 823 869 scriptum
848 789 1089 851 animadverterit.

96 873 236 947 Quotiens
256 882 350 933 autem
371 891 424 952 per
440 883 524 934 notas
540 875 656 952 scribit,
678 874 700 934 B
715 893 768 954 pro
784 876 825 952 A,
842 872 864 934 G
880 892 934 953 pro
949 873 972 933 B
988 893 1022 934 ac
1038 874 1089 934 de·

94 958 198 1100 idnceps
218 957 319 1100 ppdem
341 958 452 1018 ratione
472 961 622 1038 sequentis
639 960 750 1019 litteras
768 960 863 1038 ponit;
886 976 940 1037 pro
954 957 982 1018 X
998 967 1091 1018 autem

116 1041 205 1119 uplex
249 1087 256 1098 .

60 1133 87 1176 ¹⁰
155 1124 200 1184 Ne
218 1125 391 1186 Graecarum
414 1126 528 1204 quidem
546 1128 760 1207 disciplinarum
775 1126 888 1186 leviore
905 1124 999 1198 studio
1014 1127 1133 1183 tene-89

95 1209 187 1270 batur.
207 1208 239 1269 ln
254 1210 357 1287 quibus
372 1219 401 1269 et
414 1211 487 1288 ipsis
501 1211 667 1290 praestabat
680 1210 808 1288 largiter,
824 1211 963 1287 magistro
980 1206 1093 1268 dicendi

94 1313 164 1354 usus
181 1292 366 1372 Apollodoro
382 1293 579 1372 Pergameno,
595 1313 679 1374 quem
697 1296 752 1354 iam
767 1293 906 1371 grandem
920 1301 987 1352 natu
1002 1289 1093 1370 Apol·

94 1377 202 1440 lonium
223 1395 338 1457 quoqne
361 1395 459 1437 secum
479 1378 514 1437 ab
532 1379 604 1440 urbe
625 1379 738 1439 iuvenis
756 1377 849 1438 adbuc
865 1377 1022 1453 eduxerat,
1045 1374 1092 1434 de·

9 1441 27 1480 '
93 1461 163 1522 inde
179 1460 338 1521 eruditione
353 1461 437 1521 etiam
451 1463 531 1522 varia
546 1463 677 1542 repletus
691 1481 745 1542 per
756 1462 828 1523 Arei
843 1459 1010 1541 pbilosopbi
1021 1459 1093 1520 filio·

59 1561 86 1602 rs
95 1561 218 1623 rumque
239 1546 302 1605 eius
317 1545 438 1622 Dionysi
459 1555 488 1606 et
502 1546 656 1608 Nicanoris
673 1547 904 1616 contubernium
926 1554 1094 1606 nontamen

96 1639 127 1689 ut
149 1637 196 1688 aut
215 1627 385 1708 loqueretur
405 1631 542 1710 expedite
563 1643 612 1693 aut
634 1650 811 1712 componere
831 1630 939 1710 aliquid
959 1629 1093 1697 auderet;

96 1731 161 1773 nam
183 1721 212 1771 et
234 1714 258 1772 si
279 1713 345 1792 quid
365 1733 414 1774 res
429 1717 578 1794 exigeret,
598 1717 697 1778 Latine
711 1716 854 1778 formabat
868 1714 1094 1792 uertendumque

97 1797 147 1857 alii
160 1794 255 1857 dabat.
286 1797 345 1858 Sed
359 1798 445 1877 plane
460 1810 620 1879 poematum
634 1820 750 1880 quoque
770 1820 827 1861 non
839 1801 997 1879 imperitus,
1017 1797 1094 1858 dele·

98 1881 229 1941 ctabatur
242 1883 324 1941 ctiam
338 1883 486 1943 comoedia
500 1888 590 1945 veteri
609 1894 638 1945 et
651 1904 740 1964 saepe
759 1904 821 1946 eam
834 1883 961 1944 exhibuit
981 1890 1093 1960 specta·
1110 1906 1112 1910 ·

59 1985 87 2025 ao
99 1965 172 2026 culis
194 1964 327 2044 publicis.
363 1965 396 2026 lu
423 1966 592 2029 evolvendis
616 1970 764 2048 utriusque
789 1969 905 2045 linguae
929 1965 1095 2027 auctoribus

95 2049 166 2109 nibil
182 2067 275 2129 aeque
291 2050 470 2126 sectabatur,
496 2067 579 2129 quam
602 2062 759 2130 praecepta
779 2061 809 2112 et
831 2050 965 2129 exempla
980 2048 1095 2128 publice

95 2132 146 2193 vel
164 2135 295 2213 privatim
314 2134 450 2212 salubria,
468 2151 561 2214 eaque
582 2135 618 2196 ad
640 2136 758 2196 verbum
770 2143 908 2213 excerpta
928 2143 974 2192 aut
993 2132 1027 2193 ad
1045 2132 1095 2193 do·

11 2259 13 2266 ,
95 2218 233 2278 mesticos
257 2228 304 2279 aut
319 2219 354 2281 ad
373 2218 549 2280 exercituum
562 2221 831 2298 provinciarumque
849 2226 983 2278 rectores
1002 2224 1049 2276 aut
1061 2214 1097 2276 ad

96 2302 176 2362 urbis
196 2304 380 2380 magistratus
400 2305 568 2384 plerumque
590 2304 734 2381 mittebat,
762 2312 848 2382 prout
875 2302 981 2380 quique
1007 2301 1096 2361 moni-

62 2389 176 2446 astione
199 2386 370 2462 indigerent.
403 2388 496 2450 Etiam
517 2388 608 2449 libros
631 2398 709 2450 totos
735 2396 764 2448 et
783 2387 894 2447 senatui
913 2385 1045 2446 recitavit
1069 2393 1097 2445 et

97 2469 207 2550 populo
223 2480 308 2531 notos
322 2491 376 2551 per
391 2472 514 2534 edictum
530 2491 621 2553 saepe
635 2474 716 2549 iecit,
732 2481 761 2532 ut
779 2472 926 2532 orationes
944 2467 1097 2542 Q.lletelli

97 2553 136 2614 de
148 2554 238 2633 prole
253 2557 396 2636 augendo
415 2565 443 2617 et
456 2556 544 2618 Rutili
561 2556 599 2617 de
612 2556 702 2619 modo
718 2554 948 2634 aedificiorum,
967 2573 1023 2633 quo
1039 2571 1095 2614 ma·

96 2640 143 2717 gis
162 2639 352 2717 persuaderet
371 2652 520 2720 utramque
539 2660 601 2701 rem
625 2660 682 2703 nou
706 2641 741 2701 ab
763 2659 795 2701 se
809 2640 902 2719 primo
918 2638 1097 2700 animadver-

97 2741 173 2797 sam,
196 2723 247 2783 sed
263 2725 385 2804 antiquis
400 2727 453 2786 iam
469 2733 535 2784 tunc
552 2744 638 2786 curae
652 2726 751 2786 luisse.

64 2826 89 2868 so
160 2805 281 2885 Ingenia
297 2809 406 2870 saeculi
423 2810 465 2869 sui
480 2809 610 2869 omnibus
626 2809 718 2870 modis
735 2809 823 2878 iovit;
839 2807 986 2869 recitantis
1004 2812 1032 2865 et
1046 2804 1096 2863 be

97 2891 186 2970 nigne
202 2901 231 2952 et
245 2895 387 2972 patienter
401 2893 496 2968 audiit,
512 2912 568 2953 nec
583 2903 689 2954 tanturn
706 2894 830 2954 carmina
842 2901 871 2951 et
882 2890 1029 2966 historias,
1046 2886 1098 2948 sed

16 2975 22 2988 '
99 2983 128 3035 et
153 2976 299 3038 orationes
322 2986 351 3038 et
373 2977 515 3056 dialogos.
546 2975 687 3057 Componi
704 2986 798 3037 tamen
813 2974 921 3055 aliquid
938 2973 974 3033 de
992 2991 1025 3032 se
1044 2972 1098 3031 nisi

100 3067 129 3119 et
156 3060 233 3120 serio
260 3071 289 3121 et
313 3079 329 3121 a
357 3063 622 3142 praestantissimis,
648 3060 848 3121 ollendebatur
869 3057 1098 3135 admonebatque

99 3153 270 3286 praetores,
295 3165 331 3206 ne
346 3155 514 3225 paterentur
529 3163 634 3207 nornen
649 3164 730 3206 suum
746 3141 997 3206 commissionibus
1012 3141 1097 3202 obso-

66 3243 91 3285 so
112 3228 202 3288 ederi.

142 3309 227 3374 Circa
255 3314 415 3393 religiones
440 3315 526 3375 talem
553 3315 730 3394 accepimus.
766 3311 901 3373 'fonitrua
931 3319 960 3372 et
984 3309 1141 3388 iulgura90

18 3437 29 3486 7
100 3393 186 3472 paulo
208 3397 345 3459 inlirmius
366 3399 599 3478 expavescebat,
621 3409 650 3458 ut
674 3416 790 3478 semper
811 3405 839 3457 et
860 3396 966 3477 ubique
992 3395 1099 3475 pellem

99 3477 180 3540 vituli
194 3484 294 3542 marini
312 3483 510 3544 circumferret
529 3499 582 3564 pro
598 3483 744 3562 remedio,
760 3491 846 3562 atque
862 3481 898 3543 ad
915 3497 1026 3543 omnem
1042 3496 1099 3538 ma·
