2392 3926
199 228 258 288 314
470 236 500 284 c.
523 231 685 283 sunrouu
703 229 916 289 unnucnrnnr

197 379 200 388 ¹
260 394 370 466 Status,
394 389 527 466 statutus]
550 395 670 447 statutus
691 394 737 445 est
758 384 935 459 collocatus,
962 391 1060 443 status
1084 381 1177 466 tantu}

199 476 309 536 stantis.
1176 471 1177 480 ’

260 557 388 636 Accidit,
410 556 546 634 contigit,
562 555 674 632 evenit,
697 552 807 631 incidit}
823 551 927 612 accidit
940 567 1036 628 grave
1055 559 1087 610 et
1100 554 1177 628 tristet

199 643 320 720 contigit
334 640 410 720 quod
427 642 545 718 petitum
560 647 589 698 et
602 637 708 697 bonurn
723 645 782 713 est,
804 637 885 715 quasi
901 634 1073 710 contiguum
1096 633 1177 716 labcrq

198 736 279 796 act0;
302 726 398 785 evenit
414 723 490 803 quod
506 723 586 803 quasi
602 729 684 782 extra
698 722 792 797 venit,
814 720 902 779 idest
917 717 1072 798 quodnec
1090 720 1177 795 cogita-r

199 811 289 869 vimus
305 827 359 869 nec
375 808 526 887 petivimus
547 823 602 865 nec
617 806 773 874 timuimus3
793 803 892 863 incidit
906 803 953 881 qni
968 802 999 860 in
1014 820 1084 861 rem
1100 805 1177 879 inspe

197 902 287 953 ratam
303 892 416 953 cecidit.
1176 883 1177 896 ¹

256 977 314 1057 Aa]
327 990 535 1051 nonnumquam
544 971 773 1045 loccsconvcnit,
788 985 996 1046 nonnumquam
1011 986 1161 1046 personae.

255 1062 334 1120 lnter
349 1058 425 1138 apud
441 1067 470 1116 et
485 1055 588 1134 penes]
608 1053 683 1133 apud
698 1071 853 1132 personam
866 1052 1010 1130 significat
1025 1053 1044 1094 *
1062 1055 1081 1095 *
1176 1059 1177 1142 ι

583 1154 599 1193 a
684 1153 699 1192 a
784 1154 800 1192 s
1176 1143 1177 1154 ¹

259 1237 453 1300 innocentem
473 1245 501 1298 et
524 1231 697 1318 innocuum]
714 1235 859 1296 innocens
882 1233 1051 1295 sanctitate
1077 1247 1177 1296 moritu}

197 1324 394 1400 intellegitur,
413 1325 553 1381 innocuus
568 1320 616 1397 qui
629 1337 686 1379 non
699 1319 787 1379 lrahet
801 1321 859 1379 vim
872 1317 1006 1379 nocendi.

257 1423 273 1462 *
296 1420 419 1480 nimbum
436 1429 464 1480 et
486 1419 622 1499 pluviam]
638 1419 686 1458 **
708 1417 805 1496 pluvia
820 1426 866 1477 est
885 1433 968 1496 quam
984 1417 1014 1476 vi
1038 1426 1177 1476 ventcrrr

195 1515 287 1565 nunes
308 1504 430 1583 pluvere
452 1512 606 1580 coguntur,
630 1501 718 1561 idest
733 1501 818 1580 pulsu
836 1500 965 1561 violento
986 1503 1149 1580 exprimunt
1164 1514 1177 1580 q

194 1588 317 1647 nubibus
332 1587 424 1654 renti;
439 1586 549 1645 nimbus
565 1585 705 1646 interdurn
721 1586 843 1664 erumpit
855 1593 885 1645 ut
900 1585 1026 1662 aliquam
1040 1586 1117 1646 caeli
1126 1583 1177 1663 paul

194 1680 250 1731 tern
266 1672 404 1729 minorem
420 1679 561 1747 occupet,
582 1671 719 1729 maiorem
734 1686 865 1729 serenam
882 1667 1036 1746 relinquat.
1176 1637 1177 1706 l

251 1753 334 1843 ‚lnam
346 1761 375 1812 et
389 1753 575 1831 iracundiam}
595 1752 637 1812 ira
653 1771 789 1814 excausa
802 1753 939 1829 nascitur,
961 1751 1114 1812 iracundia
1125 1767 1172 1830 per·

195 1847 311 1918 pctuunr
321 1837 418 1896 vitium
432 1839 534 1896 mentis
549 1845 579 1896 ει
592 1838 722 1914 pectoris
737 1846 791 1896 est.

256 1921 404 1982 Iuventam
425 1921 599 1981 iuventutem
622 1929 651 1978 et
671 1920 862 1999 iuventateml
891 1921 1024 1979 iuventus
1051 1928 1099 1980 ert
1118 1914 1172 1977 mul·

194 2005 284 2066 titudo
305 2006 453 2082 iuvenum,
475 2004 594 2064 Iuventa
610 2003 662 2063 dea
682 2004 832 2063 iuvenibus
845 2004 1033 2083 praesidens,
1057 2006 1173 2064 inventu

194 2091 203 2151 i
226 2108 257 2150 sa
275 2098 364 2149 aetas.
1176 2138 1177 2158 q

205 2109 223 2170 p
257 2173 409 2233 Immolare
428 2181 456 2232 ει
478 2171 615 2250 mactare}
633 2171 773 2231 immolari
788 2171 891 2232 dicitnr
904 2171 1014 2248 hostia,
1032 2185 1100 2232 curn
1113 2165 1177 2254 mulq

195 2258 271 2318 salsa
286 2257 314 2316 in
330 2265 416 2334 caput
431 2254 544 2315 adiecta
560 2262 618 2322 cst;
641 2264 792 2316 mactatum
812 2263 906 2315 autern
921 2255 1003 2334 quasi
1025 2257 1122 2334 magis
1138 2267 1177 2310 aru

195 2350 284 2416 ctum,
306 2340 394 2400 idest
412 2339 586 2417 ampliatum.
1176 2339 1177 2418 q

251 2438 311 2499 lter
328 2446 356 2497 et
371 2437 467 2516 itiner]
482 2439 538 2497 iter
553 2456 609 2517 quc
625 2438 691 2515 quid
709 2439 817 2514 agitur,
838 2435 922 2498 itiner
935 2440 983 2498 ria
997 2437 1112 2504 dicitur.

233 2620 240 2634 .
253 2535 366 2596 Initium
382 2544 410 2595 et
425 2532 666 2634 principiumthcc
678 2534 784 2614 differt]
800 2536 971 2615 principium
983 2535 1071 2595 totius
1089 2531 1174 2612 operit

195 2614 433 2698 curuscumque*,
453 2636 534 2697 quasr
557 2636 675 2698 primurn
691 2621 791 2698 operis
813 2628 913 2697 caput;
927 2620 1035 2679 initium
1049 2618 1177 2702 frequen-q

192 2704 248 2764 tius
261 2703 471 2781 intellegimus,
487 2711 516 2762 et
531 2703 617 2762 toties
633 2703 788 2781 accipimus
804 2703 917 2781 quoties
931 2720 1057 2782 persona
1072 2712 1123 2763 aut
1138 2713 1174 2759 ret

192 2796 328 2865 mutatur,
359 2787 441 2866 quasi
458 2786 542 2846 initus
562 2787 591 2846 in
607 2784 725 2848 alteram
745 2804 823 2853 rem:
847 2795 876 2846 et
892 2787 1060 2865 principium
1084 2781 1174 2854 semel

191 2873 300 2933 initium
315 2871 446 2950 saepius;
463 2871 634 2949 principium
651 2879 680 2930 ut
691 2867 789 2931 Arana
800 2871 959 2950 vinumque
972 2887 1063 2945 ceno,
1079 2859 1177 2946 initian}

191 2954 284 3017 llere
297 2953 372 3016 milri
389 2970 506 3014 causus
521 2972 665 3016 menore.
694 2954 877 3015 Inveniuntur
891 2963 985 3014 tamen
999 2953 1097 3032 initia,
1113 2947 1177 3032 quael

191 3048 292 3100 natura
308 3041 351 3100 sui
369 3047 467 3098 carent
485 3047 513 3097 et
528 3039 657 3116 speciem
673 3039 807 3118 principii
828 3036 952 3115 habent,
974 3047 1003 3098 ut
1018 3035 1061 3099 Ar
1076 3036 1177 3117 rupim

190 3123 284 3204 previ
308 3120 505 3184 iamdudum
530 3122 643 3184 saucia
674 3141 752 3184 curu
775 3133 803 3182 et
830 3121 884 3183 Sic
908 3121 997 3200 sutum
1015 3122 1177 3198 lucr-imunt

192 3207 349 3286 classique
362 3205 492 3266 immittit
506 3205 656 3267 hebenus.

252 3302 377 3381 invium,
394 3303 521 3380 devium,
540 3306 648 3381 arium,
664 3304 805 3383 pervium]
822 3304 927 3363 invium
938 3304 1000 3363 sine
1014 3305 1078 3382 via,
1093 3293 1177 3364 ariunl

192 3382 368 3463 flexuosum,
390 3385 504 3446 devium
524 3387 656 3448 desertus
676 3388 776 3465 locus,
798 3387 927 3466 pervium
942 3405 996 3466 per
1015 3386 1093 3467 quud
1108 3399 1170 3446 con

192 3473 312 3524 meatur.
