2468 3912
491 227 596 274 mvns
618 227 744 276 marus.
1003 265 1004 268 ,
1079 219 1114 276 17

183 381 332 458 Confectis
353 382 439 442 bellis
466 383 636 461 quinquiens
661 383 859 463 triumphavit,
885 393 952 464 post
975 383 1157 450 devictumst

119 470 286 550 Scipionem
311 474 413 545 quater
433 467 536 526 ecdem
558 485 674 544 mense,
696 466 748 527 sed
766 470 925 528 interiectis
947 466 1064 544 diebus,
1089 476 1119 527 et

121 572 221 615 rursus
237 551 328 612 semel
346 559 414 630 post
429 559 583 630 superatos
598 551 716 631 Pompei
733 552 851 612 liberos.
885 552 1008 613 Primum
1023 561 1052 611 et
1067 571 1117 611 ex·

0 713 1 718 ἵ
24 645 34 683 i
121 636 355 698 cellentissimum
371 634 541 713 triumphum
557 636 617 712 egit
631 635 787 713 Gallicum,
805 646 974 715 sequentem
990 635 1117 696 Alexan-

9 723 11 728 ’
98 722 247 796 sdrinnm,
266 719 368 779 deinde
385 717 550 795 Ponticum,
567 718 633 779 huic
648 721 809 798 proximum
825 720 1005 797 Africanum,
1021 721 1118 779 novis-

121 807 219 868 simum
239 803 476 882 Hispaniensem,
499 803 614 863 diverso
639 822 781 882 quemque
803 814 942 884 apparatu
964 813 992 864 et
1017 806 1117 864 instra-

119 898 226 950 mento.
271 887 373 948 Gallici
390 886 525 966 triumphi
541 886 587 946 die
602 886 759 948 Velabrum
781 888 1009 966 praetervehens
1025 907 1118 967 paene

122 992 205 1034 carru
222 989 362 1032 excussus
378 979 437 1048 est,
454 988 509 1030 exe
525 971 670 1048 diffracto,
692 971 879 1050 ascenditque
896 971 1067 1052 Capitolium
1082 970 1118 1031 ad

18 1095 24 1107 ‚
121 1058 241 1134 lumina,
266 1055 452 1134 quadraginta
469 1055 631 1135 elephantis
646 1055 747 1116 dextra
768 1064 854 1134 atque
870 1058 983 1116 sinistra
1000 1057 1118 1131 lychnu-

85 1141 194 1202 aoclros
214 1139 405 1219 gestantibus.
449 1139 569 1200 Pontico
593 1139 736 1218 triumpho
759 1141 835 1200 inter
859 1158 984 1220 pompae
1008 1140 1119 1200 fercula

121 1226 203 1286 trium
220 1224 374 1284 verborum
390 1223 524 1302 praetulit
538 1223 647 1283 titulum
663 1225 763 1300 veni,
780 1224 872 1302 vidi,
891 1225 961 1284 vici
983 1241 1040 1284 non
1055 1233 1119 1284 acta

121 1309 191 1370 belli
214 1309 440 1387 significantem,
463 1309 536 1367 sicut
559 1309 682 1383 ceteris,
705 1308 757 1368 sed
772 1308 908 1369 celeriter
923 1308 1050 1368 coniecti
1068 1325 1118 1366 no-

120 1405 186 1454 tam.
230 1392 385 1453 veteranis
407 1390 573 1467 legionibus
594 1392 721 1471 praedae
742 1394 857 1452 nomine
878 1394 906 1453 in
930 1392 1043 1472 pedites
1064 1392 1162 1452 sin-38

121 1477 208 1555 gulos
224 1495 312 1556 super
326 1475 392 1534 bina
408 1476 555 1554 sestertia,
574 1493 648 1554 quae
663 1477 743 1536 initio
761 1477 854 1536 civilis
869 1477 1003 1537 tumultus
1022 1493 1118 1536 nume·

87 1575 112 1618 1⁵
121 1569 253 1636 raserat,
270 1561 373 1619 vicena
388 1567 525 1637 quaterna
540 1560 615 1619 milia
627 1579 767 1621 nummum
783 1560 871 1621 dedit.
903 1561 1076 1639 lldsignavit
1091 1569 1120 1620 et

121 1661 221 1722 agros,
238 1643 289 1703 sed
305 1659 362 1702 non
379 1643 538 1721 continuos,
557 1663 593 1703 ne
611 1646 674 1722 quis
690 1663 893 1724 possessorum
911 1645 1118 1725 expelleretur.

120 1727 235 1807 Populo
251 1735 367 1806 praeter
382 1727 515 1786 frumenti
526 1728 617 1788 denos
635 1729 748 1790 modios
766 1749 802 1789 ac
815 1730 934 1790 totidem
954 1729 1012 1790 olei
1030 1729 1119 1788 libras

120 1823 258 1872 trecenos
282 1827 397 1890 quoque
413 1829 559 1888 nummos,
576 1830 650 1890 qnos
670 1814 817 1892 pollicitus
830 1815 896 1874 olim
918 1823 997 1889 erat,
1015 1813 1119 1872 viritim

121 1895 228 1972 divisit,
245 1904 274 1954 et
289 1894 347 1954 boc
360 1895 633 1974 ampliuscentenos
645 1915 699 1976 pro
714 1915 804 1956 mora.
830 1898 959 1957 Annuam
973 1898 1058 1956 etiam
1071 1896 1119 1955 ha-

0 1976 1 1981 ’
85 1979 287 2040 tobitationem
301 1979 411 2039 llomae
427 1996 519 2056 nsque
535 1978 570 2039 ad
585 1978 651 2039 bina
666 1981 742 2040 milia
758 1999 914 2059 nummum,
927 1983 956 2040 in
970 1981 1050 2041 ltalia
1063 1996 1120 2038 non

119 2063 194 2124 ultra
207 2064 369 2143 quingenos
381 2063 533 2122 sestertios
546 2064 665 2122 remisit.
695 2064 811 2123 Adiecit
832 2065 946 2143 epulum
967 2081 1002 2123 ac
1026 2065 1119 2122 visce-

119 2147 274 2224 rationem,
291 2155 320 2206 et
339 2156 406 2226 post
424 2145 645 2226 Hispaniensem
660 2147 811 2207 victoriam
828 2147 884 2207 duc
906 2146 1039 2226 prandia;
1056 2165 1120 2205 nam

23 2306 27 2314 1
121 2250 183 2290 cum
194 2233 273 2311 prius
282 2249 372 2311 parce
384 2249 478 2310 neque
489 2247 542 2309 pro
553 2229 727 2291 liberalitate
738 2249 788 2291 sua
801 2230 961 2310 praebitum
971 2228 1119 2306 iudicaret,

122 2315 218 2393 quinto
231 2325 299 2394 post
313 2314 360 2375 die
376 2314 452 2374 aliud
465 2315 655 2392 largissimum
670 2314 812 2395 praebuit.
844 2315 940 2375 Edidit
952 2313 1120 2394 spectacula
1129 2321 1163 2374 39
1177 2351 1180 2360 .

85 2413 111 2456 aa
120 2398 192 2458 varii
202 2399 335 2477 generis:
348 2417 448 2458 munus
457 2398 669 2477 gladiatorium,
680 2399 763 2460 ludos
774 2401 857 2460 etiam
866 2401 1037 2478 regionatim
1048 2397 1120 2458 urbe

120 2490 180 2542 tota
192 2492 221 2543 et
235 2483 347 2561 quidem
363 2501 417 2562 per
431 2484 553 2543 omnium
567 2484 726 2562 linguarum
742 2483 912 2562 histriones,
929 2487 996 2544 item
1010 2485 1120 2543 circen-

120 2583 178 2642 ses,
196 2565 332 2644 athletas,
353 2566 556 2627 naumachiam.
590 2568 708 2629 Munere
731 2568 758 2626 in
780 2569 847 2628 loro
870 2569 1046 2648 depugnavit
1066 2567 1120 2627 Fu-

119 2650 180 2709 rius
195 2649 332 2730 Leptinus
349 2651 439 2730 stirpe
455 2653 600 2730 praetoria
618 2661 647 2711 et
663 2653 698 2726 Q.
716 2650 877 2731 Calpenus,
897 2661 1015 2712 senator
1031 2667 1120 2728 qnon-

120 2732 184 2792 dam
202 2743 342 2812 actorque
358 2753 518 2795 causarum.
545 2735 711 2811 Pyrricham
728 2736 905 2797 saltaverunt
919 2737 1008 2796 Asiae
1025 2733 1120 2808 Bithy-

85 2816 244 2895 snniaeque
270 2819 430 2898 principum
457 2819 550 2878 liberi.
593 2818 678 2880 Ludis
703 2818 840 2881 Decimus
865 2821 1003 2881 Laberius
1030 2834 1121 2894 eques

120 2901 266 2960 Romanus
280 2903 392 2962 mimum
409 2921 489 2964 snum
505 2904 579 2980 egit,
598 2903 777 2982 donatusque
794 2905 959 2982 quingentis
979 2901 1121 2961 sestertiis

120 2993 149 3043 et
172 2985 257 3045 anulo
281 3004 385 3062 aureo,
412 3004 523 3047 sessum
544 2987 572 3046 in
592 2987 819 3066 quattuordecim
840 3005 980 3048 escaena
997 3004 1049 3064 per
1075 3001 1120 3045 or·

121 3067 264 3128 chestram
279 3070 401 3130 transiit.
433 3069 637 3147 Circensibus,
653 3072 748 3149 spatio
766 3072 836 3131 circi
852 3072 887 3132 ab
902 3079 1024 3149 utraque
1039 3077 1122 3148 parte

120 3151 263 3230 producto
284 3162 314 3213 et
333 3155 478 3231 ingyrum
499 3155 601 3233 euripo
620 3154 734 3230 addito,
757 3155 912 3233 quadrigas
934 3153 1077 3231 bigasque
1094 3161 1122 3212 et

85 3253 110 3295 aa
121 3253 215 3314 equos
237 3235 412 3297 desultorios
436 3237 617 3314 agitaverunt
641 3237 812 3298 nobilissimi
830 3240 961 3298 iuvenes.
1006 3237 1120 3298 Troiam

118 3317 187 3378 lusit
209 3329 300 3381 turma
316 3321 440 3401 duplex,
456 3322 593 3382 maiorum
611 3323 809 3399 minorumque
824 3340 989 3402 puerorum.
1026 3323 1121 3382 Vena·

120 3404 215 3464 tiones
231 3405 325 3465 editae
344 3425 397 3485 per
414 3405 476 3465 dies
492 3407 631 3485 quinque,
651 3424 685 3466 ac
700 3406 856 3467 novissime
872 3423 969 3486 pugna
985 3405 1077 3468 divisa
1093 3405 1122 3463 in

21 3533 24 3538 .
119 3486 191 3547 duas
205 3490 301 3562 acies,
325 3490 477 3568 quingenis
494 3489 656 3568 peditibus,
678 3489 840 3570 elephantis
858 3493 986 3570 vicenis,
1002 3489 1123 3551 tricenis

162 3591 315 3632 suaromus·
893 3575 912 3635 2
