2450 3910
536 261 639 308 NltRO.
1036 246 1094 304 197

2 448 14 488 ς·
103 420 250 497 libellique
268 436 331 477 cum
354 415 521 495 ‹pribusdanr
542 414 697 474 notissimis
715 414 865 490 versibus,
888 415 979 492 ipsius
1002 412 1093 472 chiro-

4 499 15 572 i
103 504 215 583 grapho
230 502 360 581 scriptis,
383 511 412 560 ut
427 499 514 560 facile
532 506 689 578 appareret
704 516 761 557 non
772 499 893 558 tralatos
908 507 956 559 aut
970 497 1094 558 dictame

103 589 198 666 aliquo
212 594 369 665 exceptos,
388 583 440 644 sed
453 584 538 664 plane
551 584 633 661 quasi
646 600 662 642 a
676 584 822 659 cogitante
834 592 920 660 atque
934 591 1095 660 generante

1 723 6 729 .
47 726 51 732 .
104 681 252 740 exaratos:
266 672 304 730 ita
313 669 399 729 multa
410 678 440 728 et
450 667 546 728 deleta
558 677 586 726 et
597 666 711 725 inducta
724 676 752 726 et
762 669 961 745 superscripta
973 669 1093 726 inerant.

2 791 9 828 r
80 757 205 818 nHabuit
217 764 246 816 ct
259 753 395 834 pingendi
410 752 594 830 fingendique
610 768 667 810 non
682 749 828 810 mediocre
842 750 971 810 studium.
1102 757 1135 809 53
1216 801 1217 810 ,

4 907 7 912 ,
164 839 287 901 Maxime
303 847 396 899 autem
409 837 602 916 popularitate
618 834 804 911 cllerebatur,
817 836 940 894 omnium
954 837 1093 913 aemulus,
1216 829 1217 842 ¹

2 963 9 995 z
104 929 149 1004 qui
163 941 280 1002 quoquo
297 922 383 981 modo
395 923 515 981 animum
527 920 606 998 vulgi
619 928 779 979 moverent·
814 917 891 978 Exiit
904 921 1013 996 opinio,
1028 931 1095 998 post

2 1044 11 1078 r
103 1009 252 1068 scaenicas
265 1025 389 1067 coronas
401 1007 532 1084 proximo
546 1005 636 1064 lustro
649 1003 855 1064 descensurum
867 1021 931 1062 eum
949 1005 984 1062 ad
998 1003 1093 1078 Olym-

4 1132 12 1165 <1
103 1094 150 1171 pia
161 1093 235 1152 inter
247 1091 384 1156 athletas;
402 1108 467 1150 nam
479 1098 507 1148 et
519 1088 680 1148 luctabatur
695 1086 820 1164 assidue,
837 1105 892 1146 nec
905 1087 988 1147 aliter
1001 1097 1092 1148 certa·

2 1215 8 1250 =;
67 1179 177 1237 aomina
194 1177 328 1254 gymnica
348 1182 407 1232 tota
431 1172 552 1232 Graecia
579 1181 764 1250 spectaverat
784 1190 867 1250 quarn
892 1170 1093 1231 brabeutarum

2 1297 10 1335 2
102 1280 181 1321 more
198 1263 226 1318 in
237 1258 328 1318 stadio
341 1257 415 1317 humi
430 1255 559 1315 assidens
571 1274 616 1332 ac,
630 1258 653 1314 si
666 1274 721 1332 qua
733 1257 812 1333 paria
824 1255 939 1332 longius
950 1256 1093 1315 recessis-

4 1385 7 1408 .=
102 1353 175 1421 sent,
189 1345 216 1402 in
228 1343 349 1402 medium
362 1339 491 1400 manibus
503 1342 561 1399 sais
576 1339 759 1418 protrahens.
781 1339 986 1399 Destinaverat
998 1342 1092 1416 etiam,

103 1431 168 1507 quia
179 1425 344 1506 Apollinem
357 1433 451 1500 cantu,
464 1424 562 1484 Solem
575 1423 733 1500 aurigando
747 1425 937 1503 aequiperare
950 1425 1093 1483 existima-

102 1521 190 1586 retur,
203 1510 304 1569 imitari
317 1519 345 1569 et
356 1509 488 1568 Herculis
501 1508 591 1577 lacta;
609 1517 869 1588 praeparatumque
882 1507 996 1566 leonem
1008 1509 1092 1583 aiunt,

3 1649 6 1658 ,
66 1613 93 1654 ra
103 1613 187 1674 quern
199 1593 246 1652 vel
259 1594 341 1653 clava
353 1592 401 1652 vel
414 1592 595 1654 brachiorum
607 1592 729 1652 nexibus
748 1594 775 1651 in
793 1592 994 1671 amphitheatri
1007 1609 1093 1652 arena

2 1721 4 1738 r
103 1685 252 1756 spectante
270 1677 381 1757 populo
391 1676 482 1737 nudus
494 1677 625 1738 elideret.
661 1676 720 1736 Sub
733 1679 810 1736 exitu
828 1676 943 1756 quidem
955 1677 1033 1736 vitae
1046 1683 1135 1755 pati

2 1806 4 1810 ψ
101 1763 157 1822 lam
174 1772 304 1839 voverat,
317 1760 403 1821 sisibi
414 1762 565 1822 incolumis
577 1771 667 1821 status
683 1762 898 1840 permansisset,
917 1760 1093 1839 proditurum

2 1903 4 1910 ,
102 1865 134 1904 se
149 1854 246 1922 partae
259 1847 399 1905 victoriae
410 1845 484 1906 ludis
496 1850 580 1905 etiam
592 1846 759 1921 hydraulam
770 1855 798 1905 at
811 1845 976 1905 choraulam
989 1854 1017 1904 et
1027 1846 1093 1904 utri-

14 1917 23 1934 '
103 1928 256 2006 celarium,
273 1931 475 1989 aanorissimo
496 1929 541 1989 die
560 1929 728 1990 histrionem
745 1929 969 2007 saltaturumque
988 1929 1093 2006 virgili

6 2085 7 2088 Ἴ
64 2029 92 2070 ao
104 2013 238 2073 Turnum.
270 2013 308 2072 Et
319 2021 384 2071 sunt
396 2015 442 2090 qui
455 2014 575 2090 tradant,
587 2013 718 2074 Paridem
732 2012 899 2073 histrionem
913 2013 1040 2072 occisum
1056 2011 1093 2072 ab

103 2114 138 2157 eo
152 2099 232 2175 qnasi
243 2113 363 2174 gravem
376 2095 579 2156 adversarium.
600 2097 670 2157 Erat
682 2097 724 2156 illi
732 2097 908 2157 aeternitatis
922 2098 1134 2174 perpetuae-55

102 2199 158 2260 que
179 2181 272 2241 lamae
293 2180 409 2259 cupido,
427 2178 479 2239 sed
498 2182 667 2240 inconsulta.
702 2179 831 2258 ldeoqne
848 2180 942 2240 multis
960 2179 1093 2239 rebusae

101 2266 185 2341 locis,
199 2276 299 2325 vetere
312 2264 508 2343 appellatione
524 2264 669 2342 detracta,
690 2282 793 2324 novam
810 2264 911 2323 indixit
929 2282 967 2323 ex
978 2280 1030 2323 suo
1043 2281 1093 2323 no·

101 2350 192 2427 mine,
204 2368 332 2409 mensem
350 2366 465 2427 quoque
483 2347 614 2428 Aprilem
630 2348 796 2408 Neroneum
813 2347 987 2428 appellavit;
1007 2346 1092 2407 desti·

5 2485 7 2498 ‚
65 2441 220 2493 enaverat
232 2431 572 2514 etllomamNeropolim
583 2450 758 2512 nuncupare.

5 2511 9 2520 ’
162 2517 346 2594 Religionum
355 2535 446 2595 usque
456 2535 569 2596 quaque
583 2526 776 2596 contemptor,
790 2525 907 2596 praeter
919 2518 1000 2576 unius
1010 2517 1091 2578 Deae
1101 2510 1136 2565 56

101 2601 213 2676 Syriae.
235 2601 316 2660 llanc
328 2619 395 2660 rnox
406 2603 564 2680 itasprevit
571 2611 600 2661 ut
607 2603 687 2660 urina
697 2602 917 2676 contaminaret,
930 2601 985 2662 alia
993 2619 1092 2681 super·

102 2686 217 2746 stitione
230 2694 347 2763 captus,
365 2686 394 2743 in
405 2703 460 2763 qua
481 2685 543 2745 sola
560 2686 790 2764 pertinacissime
809 2684 911 2744 haesit.
946 2685 1092 2764 Siquidem

100 2768 260 2828 icunculam
278 2768 447 2846 puellarem,
468 2788 530 2829 curn
544 2771 625 2848 quasi
642 2769 797 2829 remedium
816 2768 980 2828 insidiarum
998 2787 1014 2828 a
1031 2767 1092 2847 ple-

64 2863 91 2906 ³⁰
102 2853 169 2913 boio
185 2851 306 2930 quodam
318 2861 347 2912 et
364 2853 592 2930 ignotomuneri
609 2855 788 2931 accepisset,
807 2853 921 2913 detecta
941 2852 1092 2913 confestim

101 2938 307 3013 coniuratione,
319 2955 373 3015 pro
386 2954 495 2999 summo
507 2938 620 2998 numine
632 2940 771 3017 trinisque
781 2940 809 2996 in
822 2934 868 2996 die
880 2937 1030 2997 sacrificiis
1044 2953 1091 2995 co·

99 3021 162 3081 lere
181 3023 400 3099 perseveravit,
422 3020 598 3101 volebatque
624 3021 703 3082 credi
727 3021 885 3081 monitione
910 3022 970 3079 eius
999 3019 1093 3080 lutura

99 3122 306 3183 praenoscere.
332 3105 409 3166 Ante
426 3124 536 3184 paucos
557 3123 640 3184 quam
662 3107 771 3185 periret
789 3123 905 3164 menses
924 3102 1043 3163 attendit
1064 3111 1093 3161 et

100 3189 266 3266 extispicio,
279 3207 336 3249 nec
346 3207 477 3268 umquam
490 3191 590 3250 litavit.

65 3289 90 3329 aa
166 3271 242 3331 Obiit
253 3273 418 3333 tricensimo
432 3284 459 3334 et
472 3273 599 3335 secundo
614 3273 715 3333 aetatis
725 3290 809 3351 anno,
821 3273 867 3333 die
879 3270 1091 3350 quo'qnondam
1100 3271 1133 3326 57

100 3353 249 3416 Octaviam
263 3358 464 3436 interemerat,
481 3368 646 3436 tantumque
662 3357 795 3436 gaudium
815 3357 931 3438 publice
951 3356 1091 3435 praebuit,

9 3473 19 3494 ‚
99 3447 129 3500 ut
141 3439 226 3519 plebs
245 3439 363 3518 pilleata
376 3451 436 3502 tota
455 3442 526 3502 urbe
545 3443 731 3503 discurreret.
759 3441 797 3504 Et
813 3452 907 3502 tamen
924 3457 981 3501 non
993 3440 1090 3502 delue-

98 3532 164 3582 rnnt
176 3525 223 3603 qni
235 3542 288 3602 per
302 3523 420 3604 longum
432 3535 544 3607 tempus
561 3529 656 3589 vernis
675 3528 850 3610 aestivisque
868 3523 988 3587 floribus
1002 3536 1090 3586 turnu-
