2468 3912
422 269 526 316 nrvus
543 269 730 318 uueusrus.
1037 257 1077 318 69

81 443 138 484 non
154 423 283 499 libidine,
306 423 358 484 sed
372 425 483 484 ratione
502 426 668 502 commissa,
693 442 749 502 quo
765 423 877 484 facilius
894 424 1014 484 consilia
1030 423 1076 484 ad·

81 508 274 568 versariorum
282 525 335 587 per
348 508 486 586 cuiusque
493 507 628 567 mulieres
643 509 818 586 exquireret.
834 507 873 568 rt.
882 507 1023 568 Antonius
1031 527 1074 568 su·

82 610 135 671 per
149 592 299 651 festinatas
311 591 408 650 Liviae
425 593 538 671 nuptias
554 590 662 651 obiecit
682 600 711 650 et
722 590 870 670 feminam
883 591 1077 654 consularem

80 694 97 736 e
117 673 249 736 biclinio
271 674 339 736 oiro
356 692 462 736 coram
479 675 511 734 im
529 674 700 736 cubiculum
716 674 898 753 abductam,
921 693 1032 738 rursus
1046 677 1078 738 iu

59 757 252 823 scouoioium
272 757 452 820 rubentibus
473 757 622 820 auriculis
639 759 840 837 incomptiore
854 761 967 839 capillo
986 761 1076 822 redu·

81 850 182 915 ctam;
206 843 364 903 dimissam
380 841 594 918 Scriboniam,
615 841 689 922 puio
716 840 843 903 liberius
864 845 1013 905 doluisset
1031 864 1076 906 m·

79 927 174 987 miam
185 927 353 1006 potentiam
365 927 495 1004 pelicis,·
509 926 697 988 conditiones
712 926 870 1006 quaesitos
878 947 938 1006 per
949 928 1076 1006 amicos,

80 1011 136 1092 pai
154 1017 270 1072 matres
286 1011 428 1090 [amilius
443 1018 473 1072 et
485 1011 610 1072 adultas
625 1016 725 1073 astate
739 1010 874 1090 oirpinos
888 1011 1080 1074 denudarent

80 1102 173 1174 atquo
183 1096 406 1174 perspicerent,
424 1101 579 1175 tamquam
592 1094 745 1156 Tboranio
758 1112 908 1174 manpoue
921 1097 1077 1156 uendente.

46 1198 70 1239 ru
80 1179 190 1240 Scribit
205 1179 339 1240 etiamad
354 1183 447 1258 ipsum
461 1180 544 1256 haec,
560 1180 739 1240 familiariter
754 1177 846 1238 adbuc
859 1179 979 1238 necdum
993 1179 1079 1259 plane

79 1265 210 1323 iuimicus
231 1273 280 1324 aut
300 1263 408 1324 hostis:
430 1260 512 1336 Ouid
526 1270 555 1323 te
573 1263 715 1337 mutauit,
738 1262 822 1341 quod
835 1263 973 1342 rapinam
988 1264 1078 1324 ineo?

79 1365 164 1409 acor
183 1365 253 1408 meo
273 1355 327 1408 est.
355 1345 445 1407 Nunc
460 1346 562 1424 coepi,
586 1365 626 1407 an
643 1345 755 1406 abbinc
771 1363 869 1407 anuos
882 1349 1012 1408 nonem?
1036 1346 1080 1407 Tu

23 1431 29 1448 ⁸
80 1431 192 1492 deinde
216 1432 316 1493 solam
333 1429 506 1490 Drusillam
531 1430 615 1490 inis?
642 1431 687 1491 ita
705 1429 829 1506 calcas,
857 1432 903 1492 uli
924 1438 971 1509 tu,
999 1431 1080 1491 banc

79 1516 245 1594 epistolam
259 1533 326 1576 cum
337 1514 427 1592 lepes,
444 1533 506 1576 unu
520 1514 628 1574 inieris
642 1514 806 1575 Tertullam
821 1523 875 1576 aut
885 1514 1079 1576 Terentillam

45 1619 66 1659 u
78 1605 139 1660 cut
148 1598 294 1676 Rufillam
305 1597 508 1659 autSaloiam
519 1597 693 1660 Titiseniam
708 1606 763 1660 aut
776 1618 888 1660 omues.
912 1598 961 1660 Au
971 1599 1077 1678 refert,

75 1682 137 1743 ubi
150 1688 180 1741 ct
192 1683 223 1742 in
237 1699 299 1761 pua
314 1683 463 1762 arripas?

147 1763 243 1826 Caena
263 1785 377 1846 quoque
400 1769 461 1827 eius
483 1769 625 1828 secretior
643 1769 671 1826 iu
688 1768 792 1828 iabulis
807 1768 875 1844 luit,
898 1785 971 1847 quae
989 1769 1121 1846 vulgato

76 1841 294 1921 δωδεκάθεος
315 1851 486 1920 vocabatur;
516 1851 544 1909 in
567 1869 621 1929 qua
646 1852 763 1912 deorum
785 1850 959 1930 dearumque
981 1852 1079 1912 habitu

77 1933 263 1994 discubuisse
284 1934 421 1994 convivas
447 1943 476 1993 et
502 1935 593 2012 ipsum
618 1953 670 2013 pro
691 1934 828 2014 Apolline
851 1944 994 2013 ornatum,
1022 1954 1079 1995 nou

42 2043 67 2083 20
78 2017 191 2076 Antoni
206 2018 291 2078 modo
309 2017 451 2097 epistolae
465 2016 640 2094 singulorum
651 2019 764 2078 nomina
775 2018 951 2077 amarissime
965 2037 1077 2079 enume-

78 2102 172 2161 rantis
188 2101 379 2182 exprobrant,
398 2099 450 2161 sed
468 2110 497 2161 et
511 2101 573 2159 sine
589 2109 707 2160 auctore
722 2101 862 2161 notissimi
876 2119 993 2162 uersus:

198 2191 264 2248 Cum
274 2192 400 2263 primum
414 2192 527 2245 istorum
541 2189 675 2244 conduxit
686 2204 781 2244 menso
797 2189 960 2262 marsyam,

237 2275 349 2347 Sexque
364 2275 430 2330 deos
443 2274 508 2330 uidit
519 2272 618 2352 Mollia
630 2287 735 2346 scupus
748 2274 815 2328 deos
821 2296 830 2335 ;

195 2357 286 2430 impio
302 2359 366 2414 dum
379 2356 484 2414 Phoebi
497 2357 601 2414 Cacsar
614 2358 755 2413 mendacio
769 2358 850 2422 ludit,

43 2466 67 2507 25
245 2443 318 2498 Dnm
333 2459 403 2499 noua
417 2443 541 2498 diuorum
555 2449 654 2496 coenat
668 2442 817 2498 adulterio.-

196 2525 292 2583 Omuio
305 2541 335 2582 se
350 2543 368 2581 o
383 2528 465 2582 terris
479 2531 544 2581 tunc
557 2527 669 2581 numina
684 2527 869 2596 declinarunt,

246 2610 328 2683 Tupit
341 2619 367 2666 et
381 2615 495 2666 eurotas
511 2608 638 2680 Iuppiter
652 2611 712 2682 ipse
726 2611 846 2667 tbronos.

77 2690 171 2750 Auxit
199 2707 306 2750 caenae
328 2707 472 2750 rumorem
498 2707 604 2750 summa
624 2698 692 2750 tunc
712 2691 740 2750 in
762 2692 877 2752 civitate
899 2693 1017 2770 penuria
1043 2708 1077 2751 ao

76 2775 188 2850 iames,
206 2773 451 2853 adclamatumque
467 2782 512 2832 est
526 2773 676 2852 postridie,
703 2792 789 2836 omne
801 2775 987 2854 frumentum
1002 2774 1077 2835 deos

42 2881 66 2920 so
77 2857 250 2918 comedisse
271 2865 300 2918 et
314 2856 481 2918 Caesarem
496 2874 563 2917 esse
575 2857 669 2935 plane
683 2855 870 2937 Apollinem,
893 2858 950 2919 sed
968 2856 1074 2919 Torto-

76 2959 163 3002 rem:
188 2959 243 3020 quo
266 2943 439 3019 cognomine
454 2941 478 3001 is
497 2941 567 3000 deus
590 2942 709 3020 quadam
723 2943 752 3001 iu
768 2953 851 3021 parte
867 2942 944 3002 urbis
961 2942 1075 3002 coleba-

77 3035 135 3086 tur.
163 3025 285 3086 Notatus
301 3035 346 3085 est
360 3036 389 3086 et
402 3035 432 3085 ut
446 3027 593 3105 pretiosae
606 3025 796 3104 supellectilis
808 3025 1076 3105 Corinthiorumque

78 3108 285 3189 praecupidus,
302 3118 331 3169 et
346 3111 429 3170 aleae
443 3108 605 3186 indulgens.
635 3108 707 3168 Nam
722 3119 751 3169 et
766 3111 988 3191 proscriptionis
1006 3119 1075 3170 tem·

76 3211 154 3271 pore
167 3194 204 3254 ad
217 3202 336 3254 statuam
352 3195 413 3254 eius
431 3195 586 3272 ascriptum
601 3202 663 3255 est:

41 3287 66 3328 ³⁵
290 3282 376 3338 Pater
391 3284 579 3355 arpentarius,
594 3297 641 3354 apo
658 3281 868 3352 Corinthiarius,

78 3379 146 3421 cum
159 3363 371 3423 existimaretur
386 3360 524 3441 quosdam
539 3370 659 3441 propter
674 3381 743 3422 vasa
758 3332 993 3447 Corinthidnuer
1008 3379 1074 3442 pro·

23 3441 26 3456 '
76 3447 208 3524 scriptos
231 3464 348 3506 curasse
369 3445 555 3515 referendam
578 3455 607 3505 et
627 3445 729 3506 deinde
750 3446 829 3507 bello
846 3447 990 3508 Siciliensi
1015 3445 1074 3525 epi·

74 3533 207 3608 gramma
221 3530 366 3608 uulgatum
381 3539 442 3591 est:
493 3607 495 3610 Ι
