2468 3912
416 206 520 254 mvus
538 207 724 257 sueosuus.
1037 196 1078 254 63

86 383 121 426 ac
142 363 305 424 nominatim
328 362 459 440 singulos
481 361 559 421 nullo
583 360 787 432 submonente:
819 363 904 423 etiam
926 361 1080 422 discedens

86 448 188 509 eodem
209 445 295 506 modo
315 445 480 507 sedentibus
499 445 599 506 valere
620 445 743 507 dicebat.
777 445 880 507 Oilicia
902 463 965 506 cum
983 447 1080 506 multis

85 542 181 593 mutuo
196 533 343 608 exercuit,
365 549 420 591 nec
435 531 514 609 prius
530 529 592 589 dies
608 531 745 608 cuiusque
766 531 924 591 sollemnes
944 530 1077 609 irequen·

84 627 146 676 tare
161 615 258 691 desiit,
277 632 360 694 quam
375 614 476 692 mandi
494 615 548 674 iam
563 623 629 674 natu
646 623 675 672 et
691 615 720 672 in
735 613 817 675 turba
834 614 975 694 quondam
990 631 1077 693 spon-

58 699 219 761 usaliorum
240 698 287 759 die
306 708 436 759 vexatus.
478 697 589 758 Gallum
613 697 772 757 'Fertinium
797 707 960 759 senatorem
987 699 1078 757 minus

84 783 139 844 sibi
156 783 342 860 familiarem,
363 782 415 842 sed
437 791 551 862 captum
570 790 691 861 repente
713 782 805 842 oculis
827 791 856 842 et
877 782 915 843 ob
937 781 965 842 id
983 782 1077 842 inedia

83 868 154 927 mori
171 867 359 927 destinantem
371 884 512 944 praesens
529 864 706 926 consolando
721 867 871 926 revocavit
886 866 921 927 ad
937 868 1034 926 vitam.

145 949 177 1010 ln
193 959 292 1011 senatu
306 948 396 1010 verba
408 951 526 1010 facienti
541 949 646 1009 dictum
664 958 722 1010 est:
740 948 811 1010 Nora
829 949 980 1026 intellexi,
997 960 1026 1010 et
1042 949 1077 1009 ab
1086 961 1120 1016 54

83 1036 156 1096 alio:
180 1032 431 1095 Contradicerem
446 1033 515 1111 tibi,
530 1033 560 1094 si
573 1033 672 1095 locem
687 1033 840 1094 boberem.
880 1033 1024 1094 Interdum
1040 1034 1077 1094 ob

50 1117 250 1179 rcimmodieas
276 1118 493 1196 disceptantium
516 1119 721 1179 altercationes
743 1119 857 1179 scuria
878 1120 1022 1196 periram
1046 1136 1078 1178 se

82 1203 254 1283 proripienti
271 1201 384 1284 quidam
398 1203 598 1280 ingesserunt,
614 1202 707 1264 licere
720 1209 864 1281 oportere
881 1200 1079 1263 secutoribus

82 1287 121 1348 de
135 1304 217 1365 rep.
243 1285 334 1365 toqui.
368 1283 509 1346 Antistius
530 1285 628 1347 Labeo
653 1296 769 1347 senatus
785 1286 928 1362 lectione,
951 1304 1014 1345 cum
1035 1286 1080 1344 vir

22 1387 30 1446 ζ,
81 1373 174 1431 virum
189 1370 317 1448 legeret,
332 1369 370 1431 Μ.
386 1368 524 1449 Lepidum
536 1369 650 1431 hostem
661 1367 734 1430 'olim
752 1371 813 1430 eius
830 1378 859 1430 et
878 1378 945 1430 tuuc
961 1369 1077 1430 exulan-

80 1465 140 1515 tem
164 1454 253 1532 legit,
278 1454 528 1533 interrogatusque
550 1452 586 1513 ab
612 1472 648 1514 eo
673 1473 708 1514 au
729 1463 828 1514 essent
847 1454 895 1514 alii
916 1454 1077 1531 digniores,
1163 1467 1166 1474 ·

47 1558 71 1596 rs
81 1556 172 1600 suom
188 1555 333 1616 quemque
346 1536 491 1598 iodicium
506 1537 621 1599 todem
634 1538 794 1617 respondit.
827 1538 891 1599 Nec
905 1538 972 1600 ideo
992 1537 1077 1598 liber·

81 1632 129 1684 tas
147 1629 195 1682 aut
209 1622 387 1682 contumacia
401 1622 495 1684 fraudi
511 1623 640 1702 cuiquam
655 1623 715 1683 fuit.
746 1623 839 1684 Etiam
858 1640 979 1702 sparsos
994 1621 1030 1681 de
1045 1635 1120 1689 sess

79 1708 110 1765 in
128 1705 206 1764 curia
228 1704 355 1765 famosos
376 1705 493 1767 libellos
512 1725 567 1767 nec
591 1707 708 1784 expavit
727 1715 757 1767 et
775 1724 879 1786 magna
897 1725 965 1768 cura
980 1706 1077 1768 redar-

79 1789 145 1866 guit
167 1805 202 1848 ae
224 1806 261 1847 ne
280 1790 425 1867 requisitis
449 1790 563 1870 quidem
583 1791 763 1868 auctoribus,
791 1792 820 1851 id
846 1791 930 1851 modo
957 1791 1078 1867 censuit,

81 1871 319 1949 cognoscendum
334 1873 455 1950 postbac
468 1873 504 1934 de
518 1876 569 1950 iis,
586 1875 634 1954 qui
651 1874 767 1936 libellos
782 1884 829 1936 aut
845 1876 970 1936 carmina
985 1874 1022 1935 ad
1037 1875 1077 1932 in·

46 1955 197 2016 selemiam
213 1955 367 2034 cuiuspiam
381 1957 433 2017 sub
449 1957 543 2017 alieno
559 1959 671 2018 nomine
688 1959 781 2018 edant.

146 2037 223 2099 locis
239 2057 353 2119 quoque
365 2039 540 2120 quorundam
554 2041 702 2101 invidiosis
717 2051 764 2102 aut
776 2041 971 2120 petulantibus
984 2042 1076 2101 laces·
1085 2045 1121 2101 56

80 2125 170 2197 situs,
187 2123 357 2185 contradixit
371 2124 475 2185 edicto.
505 2123 542 2185 ldt
558 2133 699 2184 tamenne
711 2125 747 2185 de
759 2124 911 2185 inhibenda
924 2133 1077 2184 testamen·

79 2215 176 2266 torum
187 2206 303 2268 licentia
315 2208 465 2288 quiequam
478 2210 714 2285 constitueretur,
730 2211 904 2270 intercessit.
936 2209 1078 2284 Quotiens

78 2291 297 2369 magistratuum
313 2293 434 2352 comitiis
449 2293 617 2369 interesset,
639 2293 728 2353 tribus
752 2311 815 2354 cum
836 2292 992 2354 candidatis
1018 2292 1078 2353 suis

45 2392 70 2432 as
81 2373 223 2435 circuibat
238 2376 477 2456 supplicabatque
491 2394 572 2438 more
585 2377 726 2437 sollemni.
756 2377 882 2440 Ferebat
896 2387 926 2438 et
940 2377 1005 2457 ipse
1019 2377 1077 2436 sul-

79 2458 205 2536 lragium
223 2460 251 2518 in
273 2460 364 2539 tribu,
385 2470 415 2521 ut
435 2479 506 2522 uuus
529 2480 546 2521 e
568 2462 688 2541 populo.
727 2462 843 2522 Testem
863 2481 896 2522 so
917 2462 945 2521 in
964 2461 1077 2522 iudiciis

79 2551 110 2602 et
127 2543 301 2622 interrogari
323 2553 352 2606 et
372 2544 483 2622 refelli,
505 2547 681 2625 aequissimo
704 2547 796 2606 animo
820 2546 990 2626 patiebatur.
1020 2545 1076 2606 Fo-

78 2644 143 2686 rum
167 2628 317 2705 augustius
341 2629 425 2706 lecit,
456 2647 513 2689 non
536 2648 622 2690 ausus
648 2639 824 2710 extorquere
855 2631 1077 2711 possessoribus

78 2710 228 2790 proximas
244 2711 355 2773 domos.
386 2713 544 2792 Numquam
558 2715 635 2776 filios
650 2733 718 2774 suos
733 2714 844 2794 populo
867 2712 1077 2776 commendavit

46 2802 69 2842 ³0
80 2803 112 2854 ut
127 2811 185 2853 non
202 2795 342 2858 adiceret.
368 2795 405 2858 st
417 2797 619 2860 merebuntur.
652 2798 769 2860 Eisdem
783 2801 971 2878 praetextatis
985 2795 1076 2856 adbuc

80 2888 275 2938 assurrectum
291 2879 326 2940 ab
348 2882 492 2942 universis
508 2883 537 2941 iu
558 2882 671 2944 theatro
692 2892 721 2942 et
744 2901 761 2943 a
781 2881 919 2943 stantibus
935 2881 1075 2960 plausum,

79 2961 253 3037 gravissime
276 2973 395 3042 questus
417 2975 472 3026 est.
507 2966 625 3027 Amicos
647 2967 685 3027 ita
705 2983 826 3044 magnos
849 2975 878 3026 et
898 2973 1034 3044 potentes
1049 2965 1077 3022 in

80 3044 198 3105 civitate
215 3064 282 3107 esse
296 3048 403 3127 voluit,
421 3059 452 3109 ut
466 3058 559 3110 tamen
573 3051 635 3130 pari
657 3052 719 3110 iure
736 3059 835 3111 essent
857 3067 914 3129 quo
930 3049 1020 3109 ceteri
1035 3047 1076 3106 le-

79 3127 225 3208 gibusque
246 3130 401 3194 iudiciariis
421 3151 515 3212 aeque
535 3143 710 3195 tenerentur.
752 3131 823 3194 Cum
844 3133 994 3213 Asprenas
1017 3129 1076 3191 No·

46 3222 71 3266 ts
80 3213 146 3271 nius
171 3215 258 3275 artius
283 3217 311 3275 ei
335 3217 447 3278 iunctus
474 3237 587 3279 causam
613 3218 761 3294 veneficii,
789 3225 944 3278 accusante
973 3213 1076 3276 Cassio

81 3295 211 3373 Severo,
228 3299 349 3377 diceret,
364 3302 506 3363 consuluit
518 3311 656 3378 senatum,
674 3301 749 3382 quid
764 3300 920 3379 officiisei
928 3307 1076 3379 potoret;

22 3439 23 3444 ,
80 3382 221 3442 cunctari
235 3383 376 3462 enimse,
392 3404 431 3446 ne
447 3386 477 3445 si
489 3392 679 3465 superesset,
701 3385 823 3465 eripere
841 3384 959 3466 tepidos
979 3402 1075 3459 rmum,

78 3462 130 3522 sim
147 3464 278 3544 deesset,
295 3468 459 3531 destituere
473 3488 512 3531 oc
521 3470 755 3550 praedamnare
770 3469 900 3532 emicem
918 3468 1074 3530 existimo·
