2434 3908
173 267 248 315 xxm
513 230 720 312 Pusunnnlo.

238 423 424 481 Posteriorum
443 424 489 495 qui
512 426 583 479 hunc
601 423 832 496 pretiosissimum
855 423 954 478 librum
975 429 1078 480 tracta-

176 509 249 566 verit
268 507 401 562 ueminem
425 509 499 563 novi.
543 508 642 563 Actum
660 507 745 576 igitur
767 508 861 577 egisse
878 523 932 562 non
947 506 1077 569 videbor.

176 594 250 665 quod
272 609 322 663 per
345 591 518 647 caniculares
539 591 623 648 lenias
648 609 673 646 a.
696 598 761 649 1855
790 591 911 646 Parisios
933 590 1076 661 profectus

175 679 247 733 bunc
265 676 364 730 librum
380 675 524 746 diligentia
543 683 669 746 quantum
691 674 752 730 lieri
772 675 861 747 potuit
878 675 994 730 maxima
1010 692 1077 729 con-

175 761 234 815 tuli.
280 759 338 824 Oua
359 759 386 812 in
407 776 437 813 re
459 776 626 830 magnopere
646 777 689 815 me
710 757 780 813 iuvit
800 758 1077 814 bibliotliecariorum

173 861 207 901 ec
224 843 375 917 praecipue
391 843 536 899 Ernesti
557 844 674 898 Renen
697 842 867 911 humanitas,
891 843 1077 896 contuberna-

174 927 209 984 lis
227 927 280 982 mei
293 926 450 982 amicissimi
469 927 620 982 Eduardi
635 925 802 983 Wolttlin
822 925 946 980 comitas.
971 924 1078 990 Quodsi

173 1010 273 1066 iterum
287 1011 389 1066 collato
402 1011 562 1066 llcmmiano
578 1011 650 1066 libro
664 1008 825 1064 Suetoniani
841 1009 935 1079 operis
949 1009 1077 1064 emenda-

174 1095 277 1150 tionem
291 1109 455 1165 promovere
468 1095 533 1149 milri
549 1094 675 1164 contigit,
691 1093 733 1148 bis
746 1093 814 1148 viris
827 1091 887 1147 eius
902 1091 944 1148 rei
960 1092 1076 1148 maxima

174 1179 265 1249 gretia
281 1179 406 1233 habenda
425 1185 476 1233 est.
605 1231 607 1235 .

238 1263 272 1318 Ut
285 1264 318 1317 de
336 1269 450 1318 externa
466 1261 562 1334 specie
577 1260 641 1316 libri
656 1277 743 1332 pauca
760 1260 857 1326 dicam,
874 1260 1019 1315 distinctus
1035 1265 1078 1315 est

175 1347 258 1402 bodie
275 1362 387 1401 numero
403 1353 470 1405 6115
488 1354 515 1400 et
531 1345 640 1401 ‘Codex
655 1343 843 1398 Memmianus'
861 1361 875 1398 a
891 1343 1076 1400 bibliotheca⁴

173 1429 224 1485 riis
246 1430 413 1500 inscriptus,
433 1437 462 1483 ut
482 1429 537 1483 illis
562 1429 670 1500 quidem
688 1430 722 1483 de
746 1426 811 1482 libri
832 1427 942 1497 origine
964 1433 992 1482 et
1012 1443 1078 1498 pro-

174 1519 257 1570 ventu
274 1513 384 1567 dubium
401 1513 486 1568 luisse
508 1529 561 1567 non
577 1512 709 1583 potuerit.
742 1511 856 1566 Constat
871 1509 946 1566 foliis
965 1517 1078 1580 quater-

174 1594 260 1651 nariis
285 1595 461 1666 pergamenis
483 1601 533 1654 126
555 1613 605 1666 per
622 1594 818 1665 quaterniones
841 1594 1029 1665 complicatis,
1051 1599 1078 1648 et

174 1679 212 1734 ita
229 1678 339 1749 quidem
355 1686 384 1732 ut
398 1678 552 1749 bibliopegi
570 1685 683 1749 stupore
700 1679 724 1732 is
741 1678 886 1748 quaternio
902 1677 948 1748 qui
964 1678 991 1731 iu
1006 1677 1076 1731 Divo

175 1761 302 1832 Augusto
322 1779 349 1832 p.
367 1767 416 1831 52,
431 1769 561 1830 33-69,
577 1768 611 1821 36
627 1763 712 1818 verba
728 1761 852 1816 continet
867 1763 947 1815 titulis
962 1761 1080 1816 restituit

176 1853 204 1901 et
220 1862 290 1916 quae
309 1853 460 1915 sequnntur
478 1863 564 1916 usque
582 1847 616 1901 ud
630 1859 697 1901 ausu
714 1844 853 1900 Corinthio
871 1850 935 1916 post
949 1847 1019 1900 duos
1036 1845 1070 1900 in

174 1934 324 1998 sequentes
350 1929 545 2000 quaterniones
573 1931 726 1984 collocatus
749 1928 794 1983 sit.
840 1928 930 1984 Titulo
956 1929 1078 2000 primore

176 2018 270 2082 canet,
292 2014 343 2068 sed
358 2013 456 2068 falsum
474 2020 516 2068 cst
532 2013 560 2069 id
576 2014 648 2082 quod
664 2014 780 2068 Thomas
798 2013 939 2068 Bentleius
955 2013 1078 2066 tradide-

176 2101 234 2165 rat,
264 2113 298 2150 ne
328 2096 477 2152 maiuscula
505 2097 614 2167 quidem
639 2096 731 2152 littera
759 2096 885 2166 incipere
914 2097 1078 2151 vocabulum

177 2179 294 2235 omnium
314 2181 517 2252 primumquod
539 2188 581 2236 est
595 2185 712 2235 Annum·
757 2179 882 2249 Quinque
905 2179 976 2234 enim
992 2180 1076 2234 verba

171 2265 280 2319 Acunum
306 2280 390 2334 opens
411 2266 668 2320 sextumdecimum
684 2269 795 2333 putrem
816 2264 926 2333 liquore
948 2264 1033 2318 rubro
1051 2270 1079 2318 et

172 2347 332 2402 maiusculis
349 2348 451 2403 litteris
473 2349 576 2419 scripta
592 2353 697 2402 suntet
712 2347 839 2417 principe
855 2347 964 2416 quidem
985 2347 1077 2402 littera

172 2431 197 2484 A
220 2430 387 2500 reliquarum
412 2431 583 2486 altitudinem
608 2430 774 2500 aliquantum
794 2437 956 2502 superante5
985 2436 1014 2484 ut
1031 2431 1077 2486 vel

172 2515 224 2567 hac
246 2528 277 2565 re
293 2513 417 2582 eluceat,
441 2530 495 2569 non
513 2515 540 2568 in
555 2516 608 2568 hoe
625 2513 686 2584 ipso
702 2514 829 2585 exemplo
848 2513 981 2570 iacturam
997 2513 1067 2584 prim

174 2595 365 2666 quaternionis
381 2595 480 2651 factam
504 2613 576 2651 esse.
622 2596 766 2668 Scriptura
785 2597 891 2652 saeculi
908 2598 982 2652 Vllll
999 2598 1079 2652 lucu-

173 2679 248 2734 lenta
272 2685 327 2745 est,
358 2680 529 2751 compendiis
554 2681 698 2736 admodum
724 2681 822 2751 paucis
851 2681 991 2752 impedita.
1021 2681 1078 2737 Va-

172 2761 230 2818 rias
245 2779 338 2817 manus
356 2764 557 2819 emendatrices
578 2771 709 2834 expertus
726 2772 785 2833 est,
811 2781 881 2835 quoe
897 2765 941 2820 vel
964 2781 1000 2820 ex
1021 2765 1077 2820 alio

173 2847 301 2918 exemplo
322 2847 367 2901 vel
390 2847 571 2902 coniectando
593 2847 736 2918 pristinam
762 2848 927 2918 scripturam
953 2848 1079 2905 immuta-

173 2936 243 2984 rent.
272 2930 396 2985 Scribam
415 2930 494 2986 initio
511 2931 623 3000 legendi
638 2931 705 2986 satis
722 2930 876 3002 imperitum
894 2925 986 3003 primo
1005 2932 1078 2988 libro

173 3013 293 3084 produnt
309 3016 444 3070 vocabula
464 3014 572 3083 integra
598 3015 768 3085 compendiis
787 3014 995 3086 superscripta,
1019 3032 1078 3070 cum

174 3111 259 3166 super
275 3097 301 3150 t.
319 3098 388 3152 lucio
402 3098 447 3154 vel
463 3099 538 3166 lucii,
561 3115 645 3168 snper
668 3099 702 3154 bl.
721 3114 832 3153 marcus
853 3099 898 3153 vel
923 3101 1013 3153 marci
1034 3100 1079 3154 vel

175 3194 288 3249 marco,
306 3197 389 3250 super
414 3181 441 3234 P.
460 3182 490 3239 ll.
510 3183 607 3251 populi
622 3184 743 3249 romunt,
766 3182 916 3252 aliquando
939 3199 1023 3255 super
1048 3182 1079 3237 C.

175 3265 282 3317 curtius
303 3264 423 3320 additum
442 3264 487 3320 sit.
532 3264 736 3336 Nonnumquam
760 3265 966 3334 grammaticum
994 3283 1081 3337 agere

176 3354 291 3402 conatus
309 3354 368 3418 est,
385 3357 414 3404 ut
429 3366 455 3420 p.
473 3355 505 3418 d,
527 3355 560 3407 32
578 3349 624 3403 ubi
648 3351 683 3404 ad
699 3350 862 3404 vocabulum
878 3351 952 3420 qnod
968 3357 1011 3406 est
1027 3367 1080 3405 uu-

174 3432 256 3484 tanus
273 3431 300 3484 in
316 3433 438 3503 margine
456 3431 599 3488 adnotavit
618 3433 715 3502 ubique
733 3436 873 3488 suetonius
895 3438 1079 3490 accusativum

174 3512 240 3569 111⁶
254 3514 440 3571 declinationis
452 3517 592 3586 pluralem
607 3517 635 3569 iu
651 3519 674 3570 is
683 3519 772 3587 pouit.
