<?xml version="1.0" encoding="UTF-8"?>
<!DOCTYPE html PUBLIC "-//W3C//DTD XHTML 1.0 Transitional//EN"
    "http://www.w3.org/TR/xhtml1/DTD/xhtml1-transitional.dtd">
<html xmlns="http://www.w3.org/1999/xhtml" xml:lang="en" lang="en">
 <head>
  <title>
</title>
<meta http-equiv="Content-Type" content="text/html;charset=utf-8" />
  <meta name='ocr-system' content='tesseract 3.04.00' />
  <meta name='ocr-capabilities' content='ocr_page ocr_carea ocr_par ocr_line ocrx_word'/>
</head>
<body>
  <div class='ocr_page' id='page_1' title='image "./csuetonitranqui00suetgoog_0183.png"; bbox 0 0 2468 3912; ppageno 0'>
   <div class='ocr_carea' id='block_1_1' title="bbox 135 211 1058 285">
    <p class='ocr_par' dir='ltr' id='par_1_1' title="bbox 135 211 1058 285">
     <span class='ocr_line' id='line_1_1' title="bbox 135 211 1058 285; baseline 0.001 -12"><span class='ocrx_word' id='word_1_1' title='bbox 135 211 176 274; x_wconf 79' lang='lat'>72</span> <span class='ocrx_word' id='word_1_2' title='bbox 219 225 249 275; x_wconf 91' lang='lat' dir='ltr'>c.</span> <span class='ocrx_word' id='word_1_3' title='bbox 266 225 621 285; x_wconf 56' lang='lat' dir='ltr'>coenomanensem</span> <span class='ocrx_word' id='word_1_4' title='bbox 636 225 720 275; x_wconf 81' lang='lat' dir='ltr'>rrrx</span> <span class='ocrx_word' id='word_1_5' title='bbox 736 224 921 274; x_wconf 70' lang='lat' dir='ltr'>censensu</span> <span class='ocrx_word' id='word_1_6' title='bbox 935 227 1003 274; x_wconf 80' lang='lat' dir='ltr'>nm.</span> <span class='ocrx_word' id='word_1_7' title='bbox 1020 226 1058 274; x_wconf 92' lang='lat' dir='ltr'>n.</span> 
     </span>
    </p>
   </div>
   <div class='ocr_carea' id='block_1_2' title="bbox 88 369 1220 3575">
    <p class='ocr_par' dir='ltr' id='par_1_2' title="bbox 88 369 1220 3575">
     <span class='ocr_line' id='line_1_2' title="bbox 134 369 1218 461; baseline 0.003 -21"><span class='ocrx_word' id='word_1_8' title='bbox 134 383 257 442; x_wconf 89' lang='lat' dir='ltr'>tacentis</span> <span class='ocrx_word' id='word_1_9' title='bbox 276 380 324 440; x_wconf 86' lang='lat' dir='ltr'>vel</span> <span class='ocrx_word' id='word_1_10' title='bbox 340 381 509 440; x_wconf 83' lang='lat' dir='ltr'>summissim</span> <span class='ocrx_word' id='word_1_11' title='bbox 524 380 678 441; x_wconf 82' lang='lat' dir='ltr'>fabulantis</span> <span class='ocrx_word' id='word_1_12' title='bbox 699 379 893 461; x_wconf 86' lang='lat' dir='ltr'>provocabat,</span> <span class='ocrx_word' id='word_1_13' title='bbox 916 390 945 441; x_wconf 86' lang='lat' dir='ltr'>et</span> <span class='ocrx_word' id='word_1_14' title='bbox 968 388 1015 442; x_wconf 87' lang='lat' dir='ltr'>aot</span> <span class='ocrx_word' id='word_1_15' title='bbox 1029 397 1132 443; x_wconf 88' lang='lat' dir='ltr'>acroa·</span> <span class='ocrx_word' id='word_1_16' title='bbox 1217 369 1218 382; x_wconf 44' lang='lat'>¹</span> 
     </span>
     <span class='ocr_line' id='line_1_3' title="bbox 133 462 1132 526; baseline 0.001 -2"><span class='ocrx_word' id='word_1_17' title='bbox 133 473 208 525; x_wconf 90' lang='lat' dir='ltr'>mata</span> <span class='ocrx_word' id='word_1_18' title='bbox 230 472 259 524; x_wconf 92' lang='lat' dir='ltr'>et</span> <span class='ocrx_word' id='word_1_19' title='bbox 277 462 434 524; x_wconf 76' lang='lat' dir='ltr'>histriones</span> <span class='ocrx_word' id='word_1_20' title='bbox 453 472 501 523; x_wconf 92' lang='lat' dir='ltr'>ant</span> <span class='ocrx_word' id='word_1_21' title='bbox 521 466 604 525; x_wconf 88' lang='lat' dir='ltr'>etiam</span> <span class='ocrx_word' id='word_1_22' title='bbox 626 465 755 526; x_wconf 75' lang='lat' dir='ltr'>triuiales</span> <span class='ocrx_word' id='word_1_23' title='bbox 777 483 814 525; x_wconf 86' lang='lat' dir='ltr'>ex</span> <span class='ocrx_word' id='word_1_24' title='bbox 834 466 915 524; x_wconf 90' lang='lat' dir='ltr'>circo</span> <span class='ocrx_word' id='word_1_25' title='bbox 933 465 1027 526; x_wconf 92' lang='lat' dir='ltr'>ludios</span> <span class='ocrx_word' id='word_1_26' title='bbox 1042 467 1132 525; x_wconf 91' lang='lat' dir='ltr'>inter·</span> 
     </span>
     <span class='ocr_line' id='line_1_4' title="bbox 133 548 1218 629; baseline 0 -21"><span class='ocrx_word' id='word_1_27' title='bbox 133 548 262 629; x_wconf 89' lang='lat' dir='ltr'>ponebat</span> <span class='ocrx_word' id='word_1_28' title='bbox 277 566 312 608; x_wconf 89' lang='lat' dir='ltr'>ac</span> <span class='ocrx_word' id='word_1_29' title='bbox 328 548 505 627; x_wconf 77' lang='lat' dir='ltr'>frequentias</span> <span class='ocrx_word' id='word_1_30' title='bbox 520 549 699 626; x_wconf 88' lang='lat' dir='ltr'>aretalogos.</span> <span class='ocrx_word' id='word_1_31' title='bbox 1217 617 1218 622; x_wconf 40' lang='lat'>.</span> 
     </span>
     <span class='ocr_line' id='line_1_5' title="bbox 89 629 1218 712; baseline -0.001 -19"><span class='ocrx_word' id='word_1_32' title='bbox 89 649 125 705; x_wconf 72' lang='lat'>¹15</span> <span class='ocrx_word' id='word_1_33' title='bbox 195 633 302 694; x_wconf 82' lang='lat' dir='ltr'>Festos</span> <span class='ocrx_word' id='word_1_34' title='bbox 317 641 346 692; x_wconf 89' lang='lat' dir='ltr'>et</span> <span class='ocrx_word' id='word_1_35' title='bbox 363 631 522 692; x_wconf 83' lang='lat' dir='ltr'>sollemnes</span> <span class='ocrx_word' id='word_1_36' title='bbox 540 632 602 692; x_wconf 89' lang='lat' dir='ltr'>dies</span> <span class='ocrx_word' id='word_1_37' title='bbox 617 633 828 712; x_wconf 80' lang='lat' dir='ltr'>profusissime,</span> <span class='ocrx_word' id='word_1_38' title='bbox 844 649 1054 712; x_wconf 86' lang='lat' dir='ltr'>nonnumquam</span> <span class='ocrx_word' id='word_1_39' title='bbox 1069 641 1132 693; x_wconf 86' lang='lat' dir='ltr'>tan·</span> <span class='ocrx_word' id='word_1_40' title='bbox 1217 629 1218 682; x_wconf 68' lang='lat' dir='ltr'>l</span> 
     </span>
     <span class='ocr_line' id='line_1_6' title="bbox 132 715 1153 798; baseline -0.004 -19"><span class='ocrx_word' id='word_1_41' title='bbox 132 729 190 780; x_wconf 92' lang='lat' dir='ltr'>tum</span> <span class='ocrx_word' id='word_1_42' title='bbox 212 716 378 777; x_wconf 85' lang='lat' dir='ltr'>ioculariter</span> <span class='ocrx_word' id='word_1_43' title='bbox 399 715 574 776; x_wconf 87' lang='lat' dir='ltr'>celebrabat.</span> <span class='ocrx_word' id='word_1_44' title='bbox 608 717 823 795; x_wconf 81' lang='lat' dir='ltr'>Saturnalibus,</span> <span class='ocrx_word' id='word_1_45' title='bbox 844 724 874 776; x_wconf 92' lang='lat' dir='ltr'>et</span> <span class='ocrx_word' id='word_1_46' title='bbox 889 718 913 777; x_wconf 93' lang='lat' dir='ltr'>si</span> <span class='ocrx_word' id='word_1_47' title='bbox 928 717 1040 798; x_wconf 88' lang='lat' dir='ltr'>qnando</span> <span class='ocrx_word' id='word_1_48' title='bbox 1059 717 1153 778; x_wconf 82' lang='lat' dir='ltr'>aliass</span> 
     </span>
     <span class='ocr_line' id='line_1_7' title="bbox 132 800 1130 880; baseline -0.004 -16"><span class='ocrx_word' id='word_1_49' title='bbox 132 802 280 878; x_wconf 84' lang='lat' dir='ltr'>libuisset,</span> <span class='ocrx_word' id='word_1_50' title='bbox 302 800 390 860; x_wconf 95' lang='lat' dir='ltr'>modo</span> <span class='ocrx_word' id='word_1_51' title='bbox 412 818 529 861; x_wconf 88' lang='lat' dir='ltr'>munera</span> <span class='ocrx_word' id='word_1_52' title='bbox 551 800 711 880; x_wconf 84' lang='lat' dir='ltr'>dividebat,</span> <span class='ocrx_word' id='word_1_53' title='bbox 733 810 846 862; x_wconf 89' lang='lat' dir='ltr'>vestem</span> <span class='ocrx_word' id='word_1_54' title='bbox 864 810 893 861; x_wconf 92' lang='lat' dir='ltr'>et</span> <span class='ocrx_word' id='word_1_55' title='bbox 914 819 1013 862; x_wconf 85' lang='lat' dir='ltr'>aurum</span> <span class='ocrx_word' id='word_1_56' title='bbox 1034 809 1065 860; x_wconf 89' lang='lat' dir='ltr'>et</span> <span class='ocrx_word' id='word_1_57' title='bbox 1085 819 1130 861; x_wconf 92' lang='lat' dir='ltr'>ar·</span> 
     </span>
     <span class='ocr_line' id='line_1_8' title="bbox 132 885 1130 965; baseline -0.001 -20"><span class='ocrx_word' id='word_1_58' title='bbox 132 895 264 965; x_wconf 81' lang='lat' dir='ltr'>gentum,</span> <span class='ocrx_word' id='word_1_59' title='bbox 286 885 373 945; x_wconf 89' lang='lat' dir='ltr'>modo</span> <span class='ocrx_word' id='word_1_60' title='bbox 395 901 524 944; x_wconf 91' lang='lat' dir='ltr'>nummos</span> <span class='ocrx_word' id='word_1_61' title='bbox 546 887 637 945; x_wconf 92' lang='lat' dir='ltr'>omnis</span> <span class='ocrx_word' id='word_1_62' title='bbox 658 895 758 963; x_wconf 89' lang='lat' dir='ltr'>notae,</span> <span class='ocrx_word' id='word_1_63' title='bbox 780 887 866 946; x_wconf 89' lang='lat' dir='ltr'>etiam</span> <span class='ocrx_word' id='word_1_64' title='bbox 887 895 1004 945; x_wconf 88' lang='lat' dir='ltr'>veteres</span> <span class='ocrx_word' id='word_1_65' title='bbox 1027 885 1130 962; x_wconf 89' lang='lat' dir='ltr'>regios</span> 
     </span>
     <span class='ocr_line' id='line_1_9' title="bbox 132 963 1219 1049; baseline -0.004 -17"><span class='ocrx_word' id='word_1_66' title='bbox 132 990 167 1032; x_wconf 91' lang='lat' dir='ltr'>ac</span> <span class='ocrx_word' id='word_1_67' title='bbox 188 970 379 1048; x_wconf 88' lang='lat' dir='ltr'>peregrinos,</span> <span class='ocrx_word' id='word_1_68' title='bbox 400 969 541 1029; x_wconf 89' lang='lat' dir='ltr'>interdum</span> <span class='ocrx_word' id='word_1_69' title='bbox 561 969 629 1028; x_wconf 90' lang='lat' dir='ltr'>nihil</span> <span class='ocrx_word' id='word_1_70' title='bbox 651 978 769 1049; x_wconf 86' lang='lat' dir='ltr'>praeter</span> <span class='ocrx_word' id='word_1_71' title='bbox 789 971 884 1030; x_wconf 90' lang='lat' dir='ltr'>cilicia</span> <span class='ocrx_word' id='word_1_72' title='bbox 901 979 931 1029; x_wconf 89' lang='lat' dir='ltr'>et</span> <span class='ocrx_word' id='word_1_73' title='bbox 945 969 1084 1049; x_wconf 83' lang='lat' dir='ltr'>spongias</span> <span class='ocrx_word' id='word_1_74' title='bbox 1101 977 1131 1028; x_wconf 93' lang='lat' dir='ltr'>et</span> <span class='ocrx_word' id='word_1_75' title='bbox 1218 963 1219 968; x_wconf 65' lang='grc'>’</span> 
     </span>
     <span class='ocr_line' id='line_1_10' title="bbox 132 1053 1131 1132; baseline -0.002 -17"><span class='ocrx_word' id='word_1_76' title='bbox 132 1053 264 1115; x_wconf 90' lang='lat' dir='ltr'>rutabula</span> <span class='ocrx_word' id='word_1_77' title='bbox 285 1061 315 1114; x_wconf 89' lang='lat' dir='ltr'>et</span> <span class='ocrx_word' id='word_1_78' title='bbox 336 1053 466 1132; x_wconf 83' lang='lat' dir='ltr'>forpices</span> <span class='ocrx_word' id='word_1_79' title='bbox 488 1062 573 1132; x_wconf 89' lang='lat' dir='ltr'>atque</span> <span class='ocrx_word' id='word_1_80' title='bbox 594 1053 648 1114; x_wconf 88' lang='lat' dir='ltr'>alia</span> <span class='ocrx_word' id='word_1_81' title='bbox 670 1053 699 1113; x_wconf 94' lang='lat' dir='ltr'>id</span> <span class='ocrx_word' id='word_1_82' title='bbox 719 1072 827 1132; x_wconf 88' lang='lat' dir='ltr'>genus,</span> <span class='ocrx_word' id='word_1_83' title='bbox 848 1054 936 1115; x_wconf 89' lang='lat' dir='ltr'>titulis</span> <span class='ocrx_word' id='word_1_84' title='bbox 952 1053 1084 1114; x_wconf 92' lang='lat' dir='ltr'>obscuris</span> <span class='ocrx_word' id='word_1_85' title='bbox 1100 1062 1131 1113; x_wconf 89' lang='lat' dir='ltr'>et</span> 
     </span>
     <span class='ocr_line' id='line_1_11' title="bbox 132 1137 1164 1218; baseline -0.008 -18"><span class='ocrx_word' id='word_1_86' title='bbox 132 1139 283 1218; x_wconf 79' lang='lat' dir='ltr'>ambiguis.</span> <span class='ocrx_word' id='word_1_87' title='bbox 320 1137 440 1198; x_wconf 87' lang='lat' dir='ltr'>Solebat</span> <span class='ocrx_word' id='word_1_88' title='bbox 470 1148 499 1198; x_wconf 87' lang='lat' dir='ltr'>et</span> <span class='ocrx_word' id='word_1_89' title='bbox 527 1137 819 1217; x_wconf 87' lang='lat' dir='ltr'>inaequalissimarum</span> <span class='ocrx_word' id='word_1_90' title='bbox 849 1157 944 1198; x_wconf 91' lang='lat' dir='ltr'>rerum</span> <span class='ocrx_word' id='word_1_91' title='bbox 973 1147 1068 1197; x_wconf 85' lang='lat' dir='ltr'>sortes</span> <span class='ocrx_word' id='word_1_92' title='bbox 1099 1145 1130 1196; x_wconf 91' lang='lat' dir='ltr'>et</span> <span class='ocrx_word' id='word_1_93' title='bbox 1140 1151 1164 1191; x_wconf 80' lang='lat' dir='ltr'>ro</span> 
     </span>
     <span class='ocr_line' id='line_1_12' title="bbox 133 1221 1129 1302; baseline -0.004 -18"><span class='ocrx_word' id='word_1_94' title='bbox 133 1241 250 1284; x_wconf 84' lang='lat' dir='ltr'>aversas</span> <span class='ocrx_word' id='word_1_95' title='bbox 266 1221 425 1283; x_wconf 88' lang='lat' dir='ltr'>tabularum</span> <span class='ocrx_word' id='word_1_96' title='bbox 440 1224 567 1302; x_wconf 87' lang='lat' dir='ltr'>picturas</span> <span class='ocrx_word' id='word_1_97' title='bbox 585 1224 614 1281; x_wconf 93' lang='lat' dir='ltr'>in</span> <span class='ocrx_word' id='word_1_98' title='bbox 635 1224 770 1282; x_wconf 78' lang='lat' dir='ltr'>convivio</span> <span class='ocrx_word' id='word_1_99' title='bbox 788 1223 937 1283; x_wconf 84' lang='lat' dir='ltr'>venditare</span> <span class='ocrx_word' id='word_1_100' title='bbox 956 1223 1129 1300; x_wconf 87' lang='lat' dir='ltr'>incertoque</span> 
     </span>
     <span class='ocr_line' id='line_1_13' title="bbox 133 1306 1130 1387; baseline -0.002 -20"><span class='ocrx_word' id='word_1_101' title='bbox 133 1327 201 1369; x_wconf 92' lang='lat' dir='ltr'>casu</span> <span class='ocrx_word' id='word_1_102' title='bbox 223 1324 305 1385; x_wconf 90' lang='lat' dir='ltr'>spem</span> <span class='ocrx_word' id='word_1_103' title='bbox 325 1309 509 1367; x_wconf 88' lang='lat' dir='ltr'>mercantium</span> <span class='ocrx_word' id='word_1_104' title='bbox 530 1306 578 1367; x_wconf 85' lang='lat' dir='ltr'>rel</span> <span class='ocrx_word' id='word_1_105' title='bbox 597 1307 730 1367; x_wconf 82' lang='lat' dir='ltr'>frustrari</span> <span class='ocrx_word' id='word_1_106' title='bbox 752 1307 801 1367; x_wconf 87' lang='lat' dir='ltr'>rel</span> <span class='ocrx_word' id='word_1_107' title='bbox 816 1306 956 1387; x_wconf 87' lang='lat' dir='ltr'>explere,</span> <span class='ocrx_word' id='word_1_108' title='bbox 976 1307 1016 1366; x_wconf 84' lang='lat' dir='ltr'>ita</span> <span class='ocrx_word' id='word_1_109' title='bbox 1030 1314 1061 1365; x_wconf 92' lang='lat' dir='ltr'>ut</span> <span class='ocrx_word' id='word_1_110' title='bbox 1075 1323 1130 1385; x_wconf 91' lang='lat' dir='ltr'>per</span> 
     </span>
     <span class='ocr_line' id='line_1_14' title="bbox 133 1390 1219 1470; baseline -0.004 -18"><span class='ocrx_word' id='word_1_111' title='bbox 133 1391 263 1470; x_wconf 86' lang='lat' dir='ltr'>singulos</span> <span class='ocrx_word' id='word_1_112' title='bbox 279 1391 375 1451; x_wconf 91' lang='lat' dir='ltr'>lectos</span> <span class='ocrx_word' id='word_1_113' title='bbox 391 1390 511 1451; x_wconf 87' lang='lat' dir='ltr'>licitatio</span> <span class='ocrx_word' id='word_1_114' title='bbox 528 1391 612 1450; x_wconf 89' lang='lat' dir='ltr'>lieret</span> <span class='ocrx_word' id='word_1_115' title='bbox 626 1400 654 1450; x_wconf 92' lang='lat' dir='ltr'>et</span> <span class='ocrx_word' id='word_1_116' title='bbox 669 1409 721 1451; x_wconf 92' lang='lat' dir='ltr'>seu</span> <span class='ocrx_word' id='word_1_117' title='bbox 735 1392 844 1451; x_wconf 88' lang='lat' dir='ltr'>iactura</span> <span class='ocrx_word' id='word_1_118' title='bbox 858 1408 909 1450; x_wconf 90' lang='lat' dir='ltr'>seu</span> <span class='ocrx_word' id='word_1_119' title='bbox 925 1390 1035 1450; x_wconf 90' lang='lat' dir='ltr'>lucrum</span> <span class='ocrx_word' id='word_1_120' title='bbox 1051 1408 1128 1451; x_wconf 94' lang='lat' dir='ltr'>com·</span> <span class='ocrx_word' id='word_1_121' title='bbox 1218 1429 1219 1432; x_wconf 19' lang='grc' dir='ltr'><strong>κ</strong></span> 
     </span>
     <span class='ocr_line' id='line_1_15' title="bbox 89 1473 1128 1554; baseline 0 -21"><span class='ocrx_word' id='word_1_122' title='bbox 89 1478 332 1536; x_wconf 79' lang='lat' dir='ltr'>lbmunicaretur.</span> <span class='ocrx_word' id='word_1_123' title='bbox 365 1473 427 1533; x_wconf 87' lang='lat' dir='ltr'>Cibi</span> <span class='ocrx_word' id='word_1_124' title='bbox 450 1476 534 1554; x_wconf 91' lang='lat' dir='ltr'>(nam</span> <span class='ocrx_word' id='word_1_125' title='bbox 554 1493 590 1534; x_wconf 91' lang='lat' dir='ltr'>ne</span> <span class='ocrx_word' id='word_1_126' title='bbox 607 1474 681 1535; x_wconf 91' lang='lat' dir='ltr'>haec</span> <span class='ocrx_word' id='word_1_127' title='bbox 699 1475 812 1554; x_wconf 89' lang='lat' dir='ltr'>quidem</span> <span class='ocrx_word' id='word_1_128' title='bbox 835 1474 1001 1552; x_wconf 89' lang='lat' dir='ltr'>omiserim)</span> <span class='ocrx_word' id='word_1_129' title='bbox 1022 1475 1128 1534; x_wconf 91' lang='lat' dir='ltr'>minimi</span> 
     </span>
     <span class='ocr_line' id='line_1_16' title="bbox 133 1556 1163 1638; baseline -0.006 -18"><span class='ocrx_word' id='word_1_130' title='bbox 133 1568 195 1620; x_wconf 89' lang='lat' dir='ltr'>erat</span> <span class='ocrx_word' id='word_1_131' title='bbox 218 1565 303 1637; x_wconf 88' lang='lat' dir='ltr'>atque</span> <span class='ocrx_word' id='word_1_132' title='bbox 326 1556 453 1633; x_wconf 87' lang='lat' dir='ltr'>vulgaris</span> <span class='ocrx_word' id='word_1_133' title='bbox 477 1557 549 1616; x_wconf 88' lang='lat' dir='ltr'>iere.</span> <span class='ocrx_word' id='word_1_134' title='bbox 580 1559 786 1619; x_wconf 88' lang='lat' dir='ltr'>Secundarinm</span> <span class='ocrx_word' id='word_1_135' title='bbox 803 1577 907 1638; x_wconf 89' lang='lat' dir='ltr'>panem</span> <span class='ocrx_word' id='word_1_136' title='bbox 923 1568 952 1619; x_wconf 91' lang='lat' dir='ltr'>et</span> <span class='ocrx_word' id='word_1_137' title='bbox 967 1559 1163 1637; x_wconf 83' lang='lat' dir='ltr'>pisciculosrs</span> 
     </span>
     <span class='ocr_line' id='line_1_17' title="bbox 132 1640 1128 1723; baseline -0.001 -20"><span class='ocrx_word' id='word_1_138' title='bbox 132 1645 256 1704; x_wconf 90' lang='lat' dir='ltr'>minutos</span> <span class='ocrx_word' id='word_1_139' title='bbox 281 1650 310 1700; x_wconf 91' lang='lat' dir='ltr'>et</span> <span class='ocrx_word' id='word_1_140' title='bbox 331 1658 447 1701; x_wconf 92' lang='lat' dir='ltr'>caseum</span> <span class='ocrx_word' id='word_1_141' title='bbox 469 1640 605 1702; x_wconf 89' lang='lat' dir='ltr'>bubulum</span> <span class='ocrx_word' id='word_1_142' title='bbox 625 1660 707 1703; x_wconf 89' lang='lat' dir='ltr'>manu</span> <span class='ocrx_word' id='word_1_143' title='bbox 729 1661 860 1723; x_wconf 88' lang='lat' dir='ltr'>pressum</span> <span class='ocrx_word' id='word_1_144' title='bbox 881 1651 910 1703; x_wconf 91' lang='lat' dir='ltr'>et</span> <span class='ocrx_word' id='word_1_145' title='bbox 931 1645 1003 1703; x_wconf 91' lang='lat' dir='ltr'>licos</span> <span class='ocrx_word' id='word_1_146' title='bbox 1021 1642 1128 1703; x_wconf 83' lang='lat' dir='ltr'>virides</span> 
     </span>
     <span class='ocr_line' id='line_1_18' title="bbox 132 1725 1129 1806; baseline -0.002 -20"><span class='ocrx_word' id='word_1_147' title='bbox 132 1726 241 1786; x_wconf 89' lang='lat' dir='ltr'>bileras</span> <span class='ocrx_word' id='word_1_148' title='bbox 268 1726 389 1787; x_wconf 89' lang='lat' dir='ltr'>maxime</span> <span class='ocrx_word' id='word_1_149' title='bbox 419 1725 591 1804; x_wconf 90' lang='lat' dir='ltr'>appetebat;</span> <span class='ocrx_word' id='word_1_150' title='bbox 618 1726 849 1806; x_wconf 87' lang='lat' dir='ltr'>vescebaturque</span> <span class='ocrx_word' id='word_1_151' title='bbox 871 1736 900 1786; x_wconf 86' lang='lat' dir='ltr'>et</span> <span class='ocrx_word' id='word_1_152' title='bbox 921 1737 986 1788; x_wconf 91' lang='lat' dir='ltr'>ante</span> <span class='ocrx_word' id='word_1_153' title='bbox 1009 1745 1129 1788; x_wconf 88' lang='lat' dir='ltr'>caenam</span> 
     </span>
     <span class='ocr_line' id='line_1_19' title="bbox 133 1810 1128 1891; baseline -0.002 -20"><span class='ocrx_word' id='word_1_154' title='bbox 133 1826 314 1891; x_wconf 90' lang='lat' dir='ltr'>quocumque</span> <span class='ocrx_word' id='word_1_155' title='bbox 343 1817 473 1888; x_wconf 91' lang='lat' dir='ltr'>tempore</span> <span class='ocrx_word' id='word_1_156' title='bbox 497 1817 525 1868; x_wconf 88' lang='lat' dir='ltr'>et</span> <span class='ocrx_word' id='word_1_157' title='bbox 546 1810 631 1888; x_wconf 86' lang='lat' dir='ltr'>loco,</span> <span class='ocrx_word' id='word_1_158' title='bbox 659 1829 716 1890; x_wconf 94' lang='lat' dir='ltr'>quo</span> <span class='ocrx_word' id='word_1_159' title='bbox 737 1811 903 1872; x_wconf 88' lang='lat' dir='ltr'>stomachus</span> <span class='ocrx_word' id='word_1_160' title='bbox 923 1810 1128 1873; x_wconf 87' lang='lat' dir='ltr'>desiderasset.</span> 
     </span>
     <span class='ocr_line' id='line_1_20' title="bbox 131 1893 1131 1974; baseline -0.001 -18"><span class='ocrx_word' id='word_1_161' title='bbox 131 1893 231 1956; x_wconf 90' lang='lat' dir='ltr'>Verba</span> <span class='ocrx_word' id='word_1_162' title='bbox 259 1895 349 1973; x_wconf 89' lang='lat' dir='ltr'>ipsius</span> <span class='ocrx_word' id='word_1_163' title='bbox 376 1912 413 1954; x_wconf 89' lang='lat' dir='ltr'>ex</span> <span class='ocrx_word' id='word_1_164' title='bbox 440 1893 572 1973; x_wconf 90' lang='lat' dir='ltr'>epistolis</span> <span class='ocrx_word' id='word_1_165' title='bbox 593 1903 672 1956; x_wconf 91' lang='lat' dir='ltr'>sunt:</span> <span class='ocrx_word' id='word_1_166' title='bbox 704 1893 771 1958; x_wconf 83' lang='lat' dir='ltr'>Nos</span> <span class='ocrx_word' id='word_1_167' title='bbox 788 1897 820 1956; x_wconf 81' lang='lat' dir='ltr'>io</span> <span class='ocrx_word' id='word_1_168' title='bbox 841 1895 949 1956; x_wconf 78' lang='lat' dir='ltr'>essedo</span> <span class='ocrx_word' id='word_1_169' title='bbox 966 1913 1082 1974; x_wconf 82' lang='lat' dir='ltr'>ponem</span> <span class='ocrx_word' id='word_1_170' title='bbox 1101 1899 1131 1954; x_wconf 86' lang='lat' dir='ltr'>ct</span> 
     </span>
     <span class='ocr_line' id='line_1_21' title="bbox 127 1977 1164 2060; baseline -0.003 -19"><span class='ocrx_word' id='word_1_171' title='bbox 127 1979 287 2060; x_wconf 82' lang='lat' dir='ltr'>palmatos</span> <span class='ocrx_word' id='word_1_172' title='bbox 303 1977 502 2059; x_wconf 76' lang='lat' dir='ltr'>gustavimus.</span> <span class='ocrx_word' id='word_1_173' title='bbox 547 1978 591 2042; x_wconf 87' lang='lat' dir='ltr'>Et</span> <span class='ocrx_word' id='word_1_174' title='bbox 605 1981 722 2039; x_wconf 87' lang='lat' dir='ltr'>iterum:</span> <span class='ocrx_word' id='word_1_175' title='bbox 747 1979 829 2040; x_wconf 83' lang='lat' dir='ltr'>Dum</span> <span class='ocrx_word' id='word_1_176' title='bbox 849 1979 959 2041; x_wconf 80' lang='lat' dir='ltr'>lection</span> <span class='ocrx_word' id='word_1_177' title='bbox 980 1997 1019 2038; x_wconf 83' lang='lat' dir='ltr'>cc</span> <span class='ocrx_word' id='word_1_178' title='bbox 1040 1979 1164 2059; x_wconf 70' lang='lat' dir='ltr'>reptatu</span> 
     </span>
     <span class='ocr_line' id='line_1_22' title="bbox 132 2063 1127 2142; baseline -0.004 -16"><span class='ocrx_word' id='word_1_179' title='bbox 132 2065 250 2126; x_wconf 83' lang='lat' dir='ltr'>domum</span> <span class='ocrx_word' id='word_1_180' title='bbox 271 2063 379 2139; x_wconf 87' lang='lat' dir='ltr'>redeo,</span> <span class='ocrx_word' id='word_1_181' title='bbox 398 2064 493 2142; x_wconf 80' lang='lat' dir='ltr'>panis</span> <span class='ocrx_word' id='word_1_182' title='bbox 510 2063 633 2124; x_wconf 62' lang='lat' dir='ltr'>cadom</span> <span class='ocrx_word' id='word_1_183' title='bbox 653 2084 720 2124; x_wconf 85' lang='lat' dir='ltr'>com</span> <span class='ocrx_word' id='word_1_184' title='bbox 731 2064 844 2142; x_wconf 79' lang='lat' dir='ltr'>poncia</span> <span class='ocrx_word' id='word_1_185' title='bbox 860 2063 960 2124; x_wconf 67' lang='lat' dir='ltr'>adaia</span> <span class='ocrx_word' id='word_1_186' title='bbox 974 2080 1056 2124; x_wconf 84' lang='lat' dir='ltr'>aooc</span> <span class='ocrx_word' id='word_1_187' title='bbox 1071 2063 1127 2122; x_wconf 82' lang='lat' dir='ltr'>dc-</span> 
     </span>
     <span class='ocr_line' id='line_1_23' title="bbox 130 2146 1127 2227; baseline 0 -18"><span class='ocrx_word' id='word_1_188' title='bbox 130 2150 261 2212; x_wconf 82' lang='lat' dir='ltr'>roca&#39;nac</span> <span class='ocrx_word' id='word_1_189' title='bbox 276 2146 400 2210; x_wconf 80' lang='lat' dir='ltr'>comedi.</span> <span class='ocrx_word' id='word_1_190' title='bbox 424 2147 461 2208; x_wconf 83' lang='lat' dir='ltr'>Et</span> <span class='ocrx_word' id='word_1_191' title='bbox 472 2166 586 2208; x_wconf 89' lang='lat' dir='ltr'>rursus:</span> <span class='ocrx_word' id='word_1_192' title='bbox 603 2146 650 2209; x_wconf 90' lang='lat' dir='ltr'>Nc</span> <span class='ocrx_word' id='word_1_193' title='bbox 662 2147 800 2209; x_wconf 81' lang='lat' dir='ltr'>ludaeos</span> <span class='ocrx_word' id='word_1_194' title='bbox 812 2149 942 2227; x_wconf 67' lang='lat' dir='ltr'>quietern,</span> <span class='ocrx_word' id='word_1_195' title='bbox 957 2148 1000 2208; x_wconf 82' lang='lat' dir='ltr'>mi</span> <span class='ocrx_word' id='word_1_196' title='bbox 1013 2146 1127 2222; x_wconf 74' lang='lat' dir='ltr'>Tiberi,</span> 
     </span>
     <span class='ocr_line' id='line_1_24' title="bbox 132 2231 1132 2313; baseline -0.001 -20"><span class='ocrx_word' id='word_1_197' title='bbox 132 2241 194 2294; x_wconf 84' lang='lat' dir='ltr'>tom</span> <span class='ocrx_word' id='word_1_198' title='bbox 218 2235 378 2313; x_wconf 82' lang='lat' dir='ltr'>dilipentcr</span> <span class='ocrx_word' id='word_1_199' title='bbox 402 2231 547 2293; x_wconf 78' lang='lat' dir='ltr'>sabbatis</span> <span class='ocrx_word' id='word_1_200' title='bbox 565 2232 709 2293; x_wconf 70' lang='lat' dir='ltr'>deiectum</span> <span class='ocrx_word' id='word_1_201' title='bbox 728 2239 835 2292; x_wconf 80' lang='lat' dir='ltr'>servat</span> <span class='ocrx_word' id='word_1_202' title='bbox 852 2249 943 2312; x_wconf 84' lang='lat' dir='ltr'>qoam</span> <span class='ocrx_word' id='word_1_203' title='bbox 963 2250 1017 2311; x_wconf 79' lang='lat' dir='ltr'>epo</span> <span class='ocrx_word' id='word_1_204' title='bbox 1037 2232 1132 2294; x_wconf 77' lang='lat' dir='ltr'>bodie</span> 
     </span>
     <span class='ocr_line' id='line_1_25' title="bbox 131 2315 1131 2396; baseline 0.001 -19"><span class='ocrx_word' id='word_1_205' title='bbox 131 2319 271 2393; x_wconf 74' lang='lat' dir='ltr'>secavi,</span> <span class='ocrx_word' id='word_1_206' title='bbox 289 2318 340 2396; x_wconf 81' lang='lat' dir='ltr'>qui</span> <span class='ocrx_word' id='word_1_207' title='bbox 353 2317 385 2377; x_wconf 80' lang='lat' dir='ltr'>io</span> <span class='ocrx_word' id='word_1_208' title='bbox 401 2315 523 2378; x_wconf 79' lang='lat' dir='ltr'>botiaco</span> <span class='ocrx_word' id='word_1_209' title='bbox 541 2316 658 2377; x_wconf 80' lang='lat' dir='ltr'>demum</span> <span class='ocrx_word' id='word_1_210' title='bbox 671 2322 745 2396; x_wconf 82' lang='lat' dir='ltr'>poet</span> <span class='ocrx_word' id='word_1_211' title='bbox 757 2316 867 2377; x_wconf 83' lang='lat' dir='ltr'>boram</span> <span class='ocrx_word' id='word_1_212' title='bbox 880 2317 1013 2396; x_wconf 79' lang='lat' dir='ltr'>primam</span> <span class='ocrx_word' id='word_1_213' title='bbox 1027 2317 1131 2378; x_wconf 76' lang='lat' dir='ltr'>noctis</span> 
     </span>
     <span class='ocr_line' id='line_1_26' title="bbox 132 2400 1166 2480; baseline -0.004 -20"><span class='ocrx_word' id='word_1_214' title='bbox 132 2400 213 2460; x_wconf 76' lang='lat' dir='ltr'>datas</span> <span class='ocrx_word' id='word_1_215' title='bbox 239 2401 371 2461; x_wconf 81' lang='lat' dir='ltr'>deaceae</span> <span class='ocrx_word' id='word_1_216' title='bbox 393 2400 582 2462; x_wconf 80' lang='lat' dir='ltr'>manducavi</span> <span class='ocrx_word' id='word_1_217' title='bbox 605 2400 698 2480; x_wconf 80' lang='lat' dir='ltr'>prius</span> <span class='ocrx_word' id='word_1_218' title='bbox 725 2417 817 2480; x_wconf 82' lang='lat' dir='ltr'>quam</span> <span class='ocrx_word' id='word_1_219' title='bbox 835 2400 1166 2480; x_wconf 56' lang='lat' dir='ltr'>cognitamentum</span> 
     </span>
     <span class='ocr_line' id='line_1_27' title="bbox 131 2483 1220 2566; baseline 0.002 -22"><span class='ocrx_word' id='word_1_220' title='bbox 131 2484 177 2544; x_wconf 87' lang='lat' dir='ltr'>Ex</span> <span class='ocrx_word' id='word_1_221' title='bbox 197 2484 251 2544; x_wconf 89' lang='lat' dir='ltr'>hac</span> <span class='ocrx_word' id='word_1_222' title='bbox 274 2483 488 2545; x_wconf 89' lang='lat' dir='ltr'>inobservantia</span> <span class='ocrx_word' id='word_1_223' title='bbox 505 2503 713 2566; x_wconf 86' lang='lat' dir='ltr'>nonnumquam</span> <span class='ocrx_word' id='word_1_224' title='bbox 729 2485 776 2545; x_wconf 85' lang='lat' dir='ltr'>rel</span> <span class='ocrx_word' id='word_1_225' title='bbox 795 2495 859 2546; x_wconf 92' lang='lat' dir='ltr'>ante</span> <span class='ocrx_word' id='word_1_226' title='bbox 882 2487 980 2546; x_wconf 91' lang='lat' dir='ltr'>initum</span> <span class='ocrx_word' id='word_1_227' title='bbox 995 2485 1043 2545; x_wconf 88' lang='lat' dir='ltr'>rel</span> <span class='ocrx_word' id='word_1_228' title='bbox 1059 2494 1130 2564; x_wconf 89' lang='lat' dir='ltr'>post</span> <span class='ocrx_word' id='word_1_229' title='bbox 1219 2537 1220 2546; x_wconf 69' lang='grc'>,</span> 
     </span>
     <span class='ocr_line' id='line_1_28' title="bbox 132 2551 1220 2650; baseline 0.001 -20"><span class='ocrx_word' id='word_1_230' title='bbox 132 2570 276 2630; x_wconf 91' lang='lat' dir='ltr'>dimissum</span> <span class='ocrx_word' id='word_1_231' title='bbox 304 2567 464 2628; x_wconf 88' lang='lat' dir='ltr'>convivium</span> <span class='ocrx_word' id='word_1_232' title='bbox 487 2570 567 2629; x_wconf 89' lang='lat' dir='ltr'>solus</span> <span class='ocrx_word' id='word_1_233' title='bbox 591 2569 767 2646; x_wconf 87' lang='lat' dir='ltr'>caenitabat,</span> <span class='ocrx_word' id='word_1_234' title='bbox 794 2588 856 2630; x_wconf 91' lang='lat' dir='ltr'>cum</span> <span class='ocrx_word' id='word_1_235' title='bbox 882 2571 970 2650; x_wconf 88' lang='lat' dir='ltr'>pleno</span> <span class='ocrx_word' id='word_1_236' title='bbox 992 2571 1129 2630; x_wconf 83' lang='lat' dir='ltr'>convivio</span> <span class='ocrx_word' id='word_1_237' title='bbox 1219 2551 1220 2646; x_wconf 73' lang='lat' dir='ltr'>l</span> 
     </span>
     <span class='ocr_line' id='line_1_29' title="bbox 88 2649 1220 2734; baseline 0.001 -22"><span class='ocrx_word' id='word_1_238' title='bbox 88 2653 200 2714; x_wconf 77' lang='lat' dir='ltr'>‘linibil</span> <span class='ocrx_word' id='word_1_239' title='bbox 221 2660 364 2729; x_wconf 82' lang='lat' dir='ltr'>tangeret.</span> <span class='ocrx_word' id='word_1_240' title='bbox 400 2653 467 2712; x_wconf 92' lang='lat' dir='ltr'>Vini</span> <span class='ocrx_word' id='word_1_241' title='bbox 488 2671 602 2734; x_wconf 91' lang='lat' dir='ltr'>qnoque</span> <span class='ocrx_word' id='word_1_242' title='bbox 623 2663 721 2715; x_wconf 88' lang='lat' dir='ltr'>natura</span> <span class='ocrx_word' id='word_1_243' title='bbox 746 2655 930 2733; x_wconf 81' lang='lat' dir='ltr'>parcissimus</span> <span class='ocrx_word' id='word_1_244' title='bbox 950 2663 1021 2714; x_wconf 88' lang='lat' dir='ltr'>erat.</span> <span class='ocrx_word' id='word_1_245' title='bbox 1061 2653 1131 2715; x_wconf 88' lang='lat' dir='ltr'>Non</span> <span class='ocrx_word' id='word_1_246' title='bbox 1219 2649 1220 2690; x_wconf 81' lang='lat' dir='ltr'>t</span> 
     </span>
     <span class='ocr_line' id='line_1_30' title="bbox 131 2735 1131 2819; baseline -0.002 -19"><span class='ocrx_word' id='word_1_247' title='bbox 131 2739 250 2819; x_wconf 89' lang='lat' dir='ltr'>amplius</span> <span class='ocrx_word' id='word_1_248' title='bbox 269 2745 313 2796; x_wconf 91' lang='lat' dir='ltr'>ter</span> <span class='ocrx_word' id='word_1_249' title='bbox 327 2735 428 2796; x_wconf 90' lang='lat' dir='ltr'>bibere</span> <span class='ocrx_word' id='word_1_250' title='bbox 443 2755 508 2797; x_wconf 90' lang='lat' dir='ltr'>enm</span> <span class='ocrx_word' id='word_1_251' title='bbox 523 2739 637 2798; x_wconf 92' lang='lat' dir='ltr'>solitum</span> <span class='ocrx_word' id='word_1_252' title='bbox 654 2757 742 2818; x_wconf 91' lang='lat' dir='ltr'>super</span> <span class='ocrx_word' id='word_1_253' title='bbox 759 2756 876 2799; x_wconf 90' lang='lat' dir='ltr'>caenam</span> <span class='ocrx_word' id='word_1_254' title='bbox 891 2742 920 2799; x_wconf 92' lang='lat' dir='ltr'>in</span> <span class='ocrx_word' id='word_1_255' title='bbox 935 2739 1037 2800; x_wconf 86' lang='lat' dir='ltr'>castris</span> <span class='ocrx_word' id='word_1_256' title='bbox 1052 2738 1131 2817; x_wconf 89' lang='lat' dir='ltr'>apnd</span> 
     </span>
     <span class='ocr_line' id='line_1_31' title="bbox 130 2818 1167 2902; baseline -0.007 -18"><span class='ocrx_word' id='word_1_257' title='bbox 130 2823 275 2900; x_wconf 84' lang='lat' dir='ltr'>diutinam,</span> <span class='ocrx_word' id='word_1_258' title='bbox 289 2818 442 2882; x_wconf 75' lang='lat' dir='ltr'>Cornelius</span> <span class='ocrx_word' id='word_1_259' title='bbox 455 2821 557 2901; x_wconf 90' lang='lat' dir='ltr'>Nepos</span> <span class='ocrx_word' id='word_1_260' title='bbox 572 2822 665 2884; x_wconf 90' lang='lat' dir='ltr'>tradit.</span> <span class='ocrx_word' id='word_1_261' title='bbox 693 2823 800 2883; x_wconf 88' lang='lat' dir='ltr'>Postea</span> <span class='ocrx_word' id='word_1_262' title='bbox 815 2825 946 2902; x_wconf 90' lang='lat' dir='ltr'>quotiens</span> <span class='ocrx_word' id='word_1_263' title='bbox 963 2823 1128 2900; x_wconf 76' lang='lat' dir='ltr'>largissime</span> <span class='ocrx_word' id='word_1_264' title='bbox 1139 2836 1167 2878; x_wconf 85' lang='lat' dir='ltr'>ao</span> 
     </span>
     <span class='ocr_line' id='line_1_32' title="bbox 131 2908 1220 2988; baseline -0.002 -20"><span class='ocrx_word' id='word_1_265' title='bbox 131 2927 163 2968; x_wconf 91' lang='lat' dir='ltr'>se</span> <span class='ocrx_word' id='word_1_266' title='bbox 179 2909 320 2983; x_wconf 86' lang='lat' dir='ltr'>invitaret,</span> <span class='ocrx_word' id='word_1_267' title='bbox 336 2923 424 2966; x_wconf 90' lang='lat' dir='ltr'>senos</span> <span class='ocrx_word' id='word_1_268' title='bbox 440 2915 589 2968; x_wconf 85' lang='lat' dir='ltr'>sextantes</span> <span class='ocrx_word' id='word_1_269' title='bbox 602 2925 660 2967; x_wconf 94' lang='lat' dir='ltr'>non</span> <span class='ocrx_word' id='word_1_270' title='bbox 675 2909 815 2985; x_wconf 85' lang='lat' dir='ltr'>excessit,</span> <span class='ocrx_word' id='word_1_271' title='bbox 831 2917 878 2969; x_wconf 89' lang='lat' dir='ltr'>aut</span> <span class='ocrx_word' id='word_1_272' title='bbox 893 2910 916 2968; x_wconf 91' lang='lat' dir='ltr'>si</span> <span class='ocrx_word' id='word_1_273' title='bbox 936 2908 1127 2985; x_wconf 86' lang='lat' dir='ltr'>excessisset,</span> <span class='ocrx_word' id='word_1_274' title='bbox 1219 2985 1220 2988; x_wconf 8' lang='grc' dir='ltr'><strong>Ἴ</strong></span> 
     </span>
     <span class='ocr_line' id='line_1_33' title="bbox 130 2989 1128 3071; baseline -0.001 -20"><span class='ocrx_word' id='word_1_275' title='bbox 130 2991 280 3052; x_wconf 90' lang='lat' dir='ltr'>reiciebat.</span> <span class='ocrx_word' id='word_1_276' title='bbox 310 2989 348 3051; x_wconf 85' lang='lat' dir='ltr'>Et</span> <span class='ocrx_word' id='word_1_277' title='bbox 366 2992 489 3050; x_wconf 85' lang='lat' dir='ltr'>maxime</span> <span class='ocrx_word' id='word_1_278' title='bbox 511 2991 671 3052; x_wconf 88' lang='lat' dir='ltr'>delectatus</span> <span class='ocrx_word' id='word_1_279' title='bbox 689 3001 734 3052; x_wconf 92' lang='lat' dir='ltr'>est</span> <span class='ocrx_word' id='word_1_280' title='bbox 747 2993 883 3070; x_wconf 87' lang='lat' dir='ltr'>Raetico,</span> <span class='ocrx_word' id='word_1_281' title='bbox 905 3010 1001 3071; x_wconf 89' lang='lat' dir='ltr'>neque</span> <span class='ocrx_word' id='word_1_282' title='bbox 1016 3000 1128 3052; x_wconf 87' lang='lat' dir='ltr'>temere</span> 
     </span>
     <span class='ocr_line' id='line_1_34' title="bbox 131 3073 1128 3156; baseline 0.003 -23"><span class='ocrx_word' id='word_1_283' title='bbox 131 3076 252 3136; x_wconf 90' lang='lat' dir='ltr'>interdiu</span> <span class='ocrx_word' id='word_1_284' title='bbox 275 3073 356 3135; x_wconf 92' lang='lat' dir='ltr'>bibit.</span> <span class='ocrx_word' id='word_1_285' title='bbox 385 3073 441 3135; x_wconf 88' lang='lat' dir='ltr'>Pro</span> <span class='ocrx_word' id='word_1_286' title='bbox 464 3077 583 3155; x_wconf 92' lang='lat' dir='ltr'>potione</span> <span class='ocrx_word' id='word_1_287' title='bbox 603 3076 734 3137; x_wconf 87' lang='lat' dir='ltr'>sumebat</span> <span class='ocrx_word' id='word_1_288' title='bbox 756 3077 902 3156; x_wconf 84' lang='lat' dir='ltr'>perfusum</span> <span class='ocrx_word' id='word_1_289' title='bbox 924 3095 998 3156; x_wconf 88' lang='lat' dir='ltr'>aqua</span> <span class='ocrx_word' id='word_1_290' title='bbox 1021 3075 1128 3153; x_wconf 82' lang='lat' dir='ltr'>frigida</span> 
     </span>
     <span class='ocr_line' id='line_1_35' title="bbox 132 3157 1128 3237; baseline 0.002 -19"><span class='ocrx_word' id='word_1_291' title='bbox 132 3176 248 3237; x_wconf 89' lang='lat' dir='ltr'>panem,</span> <span class='ocrx_word' id='word_1_292' title='bbox 269 3167 317 3218; x_wconf 87' lang='lat' dir='ltr'>aut</span> <span class='ocrx_word' id='word_1_293' title='bbox 338 3159 498 3220; x_wconf 88' lang='lat' dir='ltr'>cucumeris</span> <span class='ocrx_word' id='word_1_294' title='bbox 517 3161 636 3221; x_wconf 83' lang='lat' dir='ltr'>frustum</span> <span class='ocrx_word' id='word_1_295' title='bbox 655 3161 704 3221; x_wconf 85' lang='lat' dir='ltr'>rel</span> <span class='ocrx_word' id='word_1_296' title='bbox 724 3157 884 3222; x_wconf 85' lang='lat' dir='ltr'>lactuculae</span> <span class='ocrx_word' id='word_1_297' title='bbox 907 3161 1051 3237; x_wconf 74' lang='lat' dir='ltr'>thyrsum,</span> <span class='ocrx_word' id='word_1_298' title='bbox 1078 3169 1128 3220; x_wconf 88' lang='lat' dir='ltr'>ant</span> 
     </span>
     <span class='ocr_line' id='line_1_36' title="bbox 131 3241 1164 3324; baseline 0.005 -23"><span class='ocrx_word' id='word_1_299' title='bbox 131 3260 235 3301; x_wconf 91' lang='lat' dir='ltr'>recens</span> <span class='ocrx_word' id='word_1_300' title='bbox 248 3241 393 3302; x_wconf 87' lang='lat' dir='ltr'>aridumve</span> <span class='ocrx_word' id='word_1_301' title='bbox 409 3261 523 3324; x_wconf 90' lang='lat' dir='ltr'>pomum</span> <span class='ocrx_word' id='word_1_302' title='bbox 538 3247 599 3305; x_wconf 89' lang='lat' dir='ltr'>suci</span> <span class='ocrx_word' id='word_1_303' title='bbox 614 3245 779 3304; x_wconf 84' lang='lat' dir='ltr'>vinosioris.</span> <span class='ocrx_word' id='word_1_304' title='bbox 1136 3258 1164 3300; x_wconf 73' lang='lat' dir='ltr'>tt</span> 
     </span>
     <span class='ocr_line' id='line_1_37' title="bbox 89 3323 1127 3407; baseline 0.007 -26"><span class='ocrx_word' id='word_1_305' title='bbox 89 3336 125 3392; x_wconf 75' lang='grc'>78</span> <span class='ocrx_word' id='word_1_306' title='bbox 191 3324 260 3382; x_wconf 86' lang='lat' dir='ltr'>Post</span> <span class='ocrx_word' id='word_1_307' title='bbox 275 3323 367 3384; x_wconf 91' lang='lat' dir='ltr'>cibum</span> <span class='ocrx_word' id='word_1_308' title='bbox 381 3327 582 3406; x_wconf 88' lang='lat' dir='ltr'>meridianum,</span> <span class='ocrx_word' id='word_1_309' title='bbox 606 3330 643 3388; x_wconf 90' lang='lat' dir='ltr'>ita</span> <span class='ocrx_word' id='word_1_310' title='bbox 662 3337 691 3387; x_wconf 95' lang='lat' dir='ltr'>ut</span> <span class='ocrx_word' id='word_1_311' title='bbox 706 3331 828 3389; x_wconf 85' lang='lat' dir='ltr'>vestitus</span> <span class='ocrx_word' id='word_1_312' title='bbox 845 3328 1040 3407; x_wconf 91' lang='lat' dir='ltr'>calciatusque</span> <span class='ocrx_word' id='word_1_313' title='bbox 1054 3337 1127 3405; x_wconf 86' lang='lat' dir='ltr'>erat,</span> 
     </span>
     <span class='ocr_line' id='line_1_38' title="bbox 131 3406 1129 3492; baseline 0.003 -25"><span class='ocrx_word' id='word_1_314' title='bbox 131 3407 252 3468; x_wconf 87' lang='lat' dir='ltr'>retectis</span> <span class='ocrx_word' id='word_1_315' title='bbox 273 3406 392 3480; x_wconf 89' lang='lat' dir='ltr'>pedibus</span> <span class='ocrx_word' id='word_1_316' title='bbox 407 3414 554 3492; x_wconf 87' lang='lat' dir='ltr'>paulisper</span> <span class='ocrx_word' id='word_1_317' title='bbox 570 3412 807 3490; x_wconf 86' lang='lat' dir='ltr'>conquiescebat,</span> <span class='ocrx_word' id='word_1_318' title='bbox 823 3413 958 3492; x_wconf 89' lang='lat' dir='ltr'>opposita</span> <span class='ocrx_word' id='word_1_319' title='bbox 973 3412 1009 3472; x_wconf 93' lang='lat' dir='ltr'>ad</span> <span class='ocrx_word' id='word_1_320' title='bbox 1024 3411 1129 3472; x_wconf 93' lang='lat' dir='ltr'>oculos</span> 
     </span>
     <span class='ocr_line' id='line_1_39' title="bbox 132 3485 1127 3575; baseline 0.003 -24"><span class='ocrx_word' id='word_1_321' title='bbox 132 3507 226 3551; x_wconf 88' lang='lat' dir='ltr'>manu.</span> <span class='ocrx_word' id='word_1_322' title='bbox 268 3485 295 3544; x_wconf 77' lang='grc' dir='ltr'>Α</span> <span class='ocrx_word' id='word_1_323' title='bbox 317 3505 404 3550; x_wconf 86' lang='lat' dir='ltr'>caena</span> <span class='ocrx_word' id='word_1_324' title='bbox 422 3493 449 3550; x_wconf 96' lang='lat' dir='ltr'>in</span> <span class='ocrx_word' id='word_1_325' title='bbox 469 3495 631 3555; x_wconf 89' lang='lat' dir='ltr'>lecticulam</span> <span class='ocrx_word' id='word_1_326' title='bbox 653 3513 685 3554; x_wconf 92' lang='lat' dir='ltr'>se</span> <span class='ocrx_word' id='word_1_327' title='bbox 705 3495 929 3557; x_wconf 91' lang='lat' dir='ltr'>lucubratoriam</span> <span class='ocrx_word' id='word_1_328' title='bbox 949 3493 1127 3575; x_wconf 80' lang='lat' dir='ltr'>recipiebat:</span> 
     </span>
    </p>
   </div>
   <div class='ocr_carea' id='block_1_3' title="bbox 0 0 1238 3912">
    <p class='ocr_par' dir='ltr' id='par_1_3' title="bbox 0 0 1238 3912">
     <span class='ocr_line' id='line_1_40' title="bbox 0 0 1238 3912; baseline 0 0"><span class='ocrx_word' id='word_1_329' title='bbox 0 0 1238 3912; x_wconf 95' lang='lat' dir='ltr'> </span> 
     </span>
    </p>
   </div>
  </div>
 </body>
</html>
