2392 3926
99 211 159 275 308
367 225 397 274 c.
420 226 583 274 sonnoun
605 226 818 286 nnuuomnnr

160 381 255 459 lupus
276 392 305 441 et
325 383 409 460 lepus
429 380 551 441 similem
572 381 679 442 habent
698 398 817 457 vocem,
838 398 896 440 non
913 382 1037 443 similem
1053 385 1108 445 de-

98 466 294 534 clinationem
311 466 381 526 facit
395 467 470 525 enim
485 465 569 545 lepus
584 465 665 544 poris
687 475 716 524 et
730 465 815 545 lupus
830 468 869 545 pi.

159 548 307 628 Expertus
337 559 366 610 et
387 550 594 629 experrectus]
618 559 756 629 expertus
778 550 807 608 in
827 568 860 610 re
878 549 974 628 aliqua
998 551 1050 612 vel
1073 554 1106 613 in

96 636 227 713 negotio,
242 643 432 713 experrectus
449 652 466 694 a
482 650 583 695 somno
598 636 748 711 etqniete;
764 635 804 693 ita
818 633 891 695 illud
906 635 1028 696 astutiae
1044 647 1105 715 cst,

96 717 155 780 lroc
169 719 299 778 inertiae.
1117 742 1130 780 s

160 801 260 881 Spolia
275 812 304 863 et
319 803 441 863 exuviae
457 803 526 882 quid
540 802 691 881 differunt}
725 802 820 881 spolia
842 802 932 862 saucii
956 802 1104 880 gladiato·

96 888 135 946 ris
157 895 188 946 et
206 887 276 948 victi
300 905 368 948 esse
389 888 536 964 dicuntur,
563 888 686 946 exuviae
706 886 734 944 in
755 884 835 945 bello
856 886 1002 946 interfecti
1016 887 1104 949 ducis

96 973 286 1032 nominantur.

160 1054 260 1116 Gestat
274 1066 304 1116 et
320 1056 463 1135 certatur]
495 1063 623 1115 certatur
639 1052 761 1114 verbum
777 1064 823 1114 est
838 1055 1017 1130 nominandi,
1035 1073 1103 1117 cum

95 1139 200 1221 aliquis
214 1142 242 1200 in
254 1141 319 1200 foro
334 1143 424 1200 autin
441 1140 508 1199 loco
517 1147 659 1208 certatur3
673 1148 764 1199 certat
779 1148 874 1199 autem
885 1139 937 1200 ille
954 1157 1018 1198 cum
1034 1140 1101 1202 illo.
1113 1164 1140 1205 so

160 1227 190 1284 Si
207 1243 328 1286 aeneum
343 1233 440 1301 esset,
456 1241 507 1284 aes
523 1224 604 1284 aenis
618 1223 704 1283 lieret
717 1224 846 1300 genitivo
866 1241 950 1292 casu;
967 1240 1031 1282 cum
1047 1242 1102 1284 aes

96 1310 174 1370 aeris
188 1308 290 1384 faciat,
308 1326 426 1369 aereum
441 1308 572 1383 dicimus,
586 1316 618 1367 ut
628 1308 693 1386 ipse
709 1307 851 1384 Virgilius
868 1307 922 1367 ait:
937 1324 1103 1388 maeque

96 1392 179 1454 Aere
198 1391 322 1472 trabes,
339 1401 369 1453 et
388 1392 439 1453 illc
461 1391 567 1452 artifex
591 1392 721 1452 aerarius
743 1392 863 1470 dicitur,
880 1407 939 1450 non
954 1395 1100 1452 asnarius.

156 1475 265 1537 Neutra
281 1493 479 1557 quaecumque
494 1476 599 1555 plurali
614 1491 733 1535 numero
748 1476 778 1534 in
792 1477 819 1536 ia
841 1483 948 1535 exeunt
962 1493 1032 1536 casu
1048 1494 1101 1536 no-

95 1562 251 1636 minativo,
276 1579 311 1621 ea
331 1561 469 1638 genetivo
490 1577 559 1619 casu
580 1562 609 1619 in
623 1561 680 1620 ium
695 1559 843 1636 dicuntur,
859 1568 1003 1638 tamquam
1017 1559 1138 1626 doci-1³
1188 1577 1189 1634 j

96 1645 134 1705 lia
149 1643 247 1705 facilia
268 1644 354 1721 agilia
378 1644 521 1718 forensia,
548 1642 617 1704 lacit
631 1645 706 1703 enim
720 1644 874 1720 singularis
889 1660 1024 1703 numerus
1041 1645 1104 1704 hoc

95 1728 215 1789 forense
236 1737 265 1787 et
286 1727 394 1788 docile.
429 1727 501 1788 ltem
523 1745 587 1788 cum
603 1727 710 1788 docilia
730 1729 860 1806 genitivo
878 1745 948 1787 casu
963 1727 1103 1788 lucilium

96 1812 184 1872 faciat
205 1812 321 1890 agilium
342 1821 371 1872 et
392 1811 535 1887 facilium,
564 1812 684 1872 dicimus
705 1811 863 1871 forensium
882 1829 941 1871 non
954 1811 1102 1872 forensio·

96 1914 174 1964 rum;
189 1896 229 1956 ita
245 1896 342 1956 dativo
361 1906 391 1955 et
406 1895 534 1957 ablativo
551 1913 620 1956 casn
637 1895 669 1956 lit
684 1895 850 1956 forensibus
872 1895 998 1974 agilibus
1014 1905 1045 1955 et
1058 1896 1102 1956 fa·
1189 1952 1190 1972 p

97 1979 210 2041 ollibus.
1111 2009 1138 2049 2⁰

158 2065 287 2125 Amictns
309 2074 354 2125 cst
370 2067 413 2125 rei
429 2083 503 2145 quae
519 2067 650 2126 amicitur
667 2081 783 2142 nomen,
808 2064 929 2125 amictus
944 2073 1029 2127 veste
1043 2065 1101 2127 clr-

97 2148 255 2210 cumdatns.

158 2232 239 2293 lnter
260 2233 363 2294 annale
385 2241 414 2292 et
434 2250 554 2293 annuum
577 2242 606 2292 et
629 2232 809 2312 anniculum]
833 2234 943 2294 annalis
964 2234 1038 2295 liber
1055 2245 1103 2296 est

98 2319 146 2397 qui
167 2334 260 2377 annua
278 2326 343 2377 acta
367 2317 510 2392 continet,
536 2334 645 2377 annuus
664 2317 774 2378 fructus
800 2319 848 2396 qui
868 2335 923 2380 suo
938 2319 1013 2379 redit
1028 2328 1101 2378 tem·

23 2465 26 2471 ,
97 2418 187 2481 pore,
208 2401 358 2460 anniculus
371 2409 469 2479 potest
487 2401 543 2461 dici
557 2401 650 2461 infans
665 2400 714 2460 vel
729 2400 806 2461 aliud
817 2401 931 2462 animal.
1110 2433 1138 2473 2,

159 2484 238 2545 lnter
259 2484 392 2545 mendum
412 2494 441 2545 et
460 2484 656 2565 mendacium}
684 2484 816 2546 mendum
840 2495 886 2545 est
904 2487 1047 2565 scripto*
1070 2496 1103 2547 et

98 2588 115 2630 a
129 2577 255 2630 mentum
269 2578 394 2630 mentax.

161 2653 241 2714 lnter
258 2661 306 2713 aut
320 2662 349 2712 et
366 2652 432 2732 vell
456 2660 503 2711 aut
516 2654 701 2713 necessitatis
717 2662 779 2729 est,
798 2651 848 2712 rel
863 2652 1029 2715 voluntatis.

161 2737 240 2798 lnter
261 2754 510 2815 supervacaneum
526 2746 556 2797 et
570 2737 799 2816 supervacuum]
830 2754 1027 2816 supervacuus
1051 2756 1101 2798 cu-

99 2825 143 2882 ins
159 2840 227 2882 usus
242 2823 271 2880 in
286 2821 433 2900 praesenti
446 2820 553 2880 inutilis
567 2830 629 2897 est,
645 2822 830 2882 necessarius
852 2832 948 2881 autem
971 2821 1099 2892 futurum
1110 2846 1137 2888 eo

101 2922 334 2986 supervacaneus
350 2915 395 2966 est
413 2906 494 2965 cuius
508 2922 576 2964 usus
589 2902 665 2965 omni
681 2916 813 2985 tempore
828 2923 1027 2985 supervacuus
1044 2915 1101 2967 est.

162 2989 241 3068 Erga
260 3007 306 3049 me
330 2999 359 3049 et
381 2989 521 3051 adversus
544 3007 591 3049 mc
605 2991 663 3050 lroc
678 2990 790 3065 diflert,
808 2990 885 3068 quod
900 2989 1022 3050 alterum
1037 2992 1102 3070 pie-

100 3076 166 3136 tatis
182 3083 270 3134 estet
285 3074 517 3149 benivolentiae,
532 3073 653 3134 alterum
668 3075 871 3135 contentionis.

163 3157 242 3218 lnter
264 3157 417 3220 barbarum
442 3168 471 3217 et
493 3157 687 3239 barbaricum}
719 3158 873 3219 barbarum
900 3166 947 3216 est
972 3159 1103 3218 moribus

101 3242 150 3300 vel
178 3257 330 3318 sermone,
358 3242 539 3302 barbaricum
565 3244 665 3321 operis
695 3241 939 3303 demonstratione
957 3241 1028 3303 facit
1052 3241 1137 3306 veto

101 3331 220 3382 textum.

161 3404 303 3480 specular
323 3424 358 3465 an
379 3409 552 3489 speculare]
581 3409 683 3470 Omnia
704 3418 805 3469 neutra
827 3425 902 3489 qnae
924 3411 1030 3488 plurali
1050 3429 1102 3471 nu·

102 3502 183 3546 mero
205 3503 259 3562 per
277 3487 305 3545 ia
321 3493 465 3550 enuntiata
477 3492 599 3569 luerint,
626 3492 741 3553 cunrad
761 3491 936 3570 singularem
955 3510 1104 3555 numerum
