2468 3912
432 234 535 284 novus
552 233 738 283 suenorum.
1057 223 1094 285 71

104 397 133 448 et
148 389 209 448 sine
222 404 363 449 marmore
380 389 439 449 ullo
453 398 501 450 aut
512 390 617 466 insigni
630 391 792 468 pavimento
808 390 966 454 conclavia.
983 387 1029 449 Ac
1043 408 1097 469 per

103 490 193 532 annos
211 473 330 552 amplius
348 473 536 553 quadraginta
555 473 657 533 eodem
675 474 810 536 cubiculo
828 475 922 536 hieme
940 483 969 535 et
987 482 1097 535 aestate

102 559 215 635 mansit,
231 557 359 638 quamvis
374 574 474 637 parum
486 557 629 618 salubrem
645 557 792 618 valitudini
807 576 876 619 suae
891 559 992 619 urbem
1003 557 1096 618 bieme

102 642 298 720 experiretur,
321 642 492 720 assidueque
514 642 544 700 in
562 641 634 701 urbe
656 640 805 702 hiemaret.
840 644 870 702 Si
892 643 1004 723 quaudo
1031 641 1098 721 quid

78 735 219 786 tsecreto
240 734 288 786 eut
302 727 365 786 sine
382 725 615 805 interpellatione
631 742 722 802 egere
738 728 954 806 proposuisset,
977 735 1039 787 erat
1055 727 1097 786 illi

99 811 184 870 locus
208 810 335 870 inedito
359 809 528 888 singularis,
554 827 638 890 quem
660 809 820 884 Syracusas
843 820 871 870 et
892 810 1098 889 teobnopbyon

99 893 238 955 vocabat:
250 894 307 954 huc
319 894 466 971 transibat,
479 903 527 954 aut
538 895 567 953 in
578 894 696 954 alicuius
710 893 878 955 libertorum
889 895 1094 964 suburbanum

99 997 191 1056 aeger
217 986 311 1040 autem
334 979 363 1038 in
388 978 473 1038 domo
495 978 670 1039 Maecenatis
695 976 825 1039 cubabat.
863 978 910 1038 llx
929 979 1096 1039 secessibus

98 1064 257 1143 praecipue
276 1063 470 1142 frequentavit
490 1063 628 1123 maritima
647 1062 813 1142 insulasque
837 1060 1027 1142 Campaniae,
1049 1071 1097 1122 aut

63 1163 88 1206 to
98 1149 230 1227 proxima
245 1146 310 1206 urbi
326 1147 446 1226 oppida,
462 1145 625 1223 Lanuvium,
639 1145 812 1224 Praeneste,
829 1145 934 1224 Tibur,
950 1146 997 1206 ubi
1012 1148 1096 1206 etiam

95 1233 127 1291 in
150 1231 309 1310 porticibus
328 1231 464 1292 Herculis
487 1231 585 1309 templi
609 1248 752 1310 persaepe
774 1232 818 1290 ius
835 1229 914 1290 dixit.
944 1229 1048 1309 Ampla
1068 1239 1097 1289 et

96 1332 224 1394 operosa
247 1316 392 1394 praetoria
407 1314 591 1391 grauabatur.
621 1313 659 1374 m
673 1315 768 1393 neptis
784 1315 897 1395 quidem
912 1333 981 1375 suae
995 1313 1095 1391 Iuliae,

20 1437 29 1452 »
95 1399 217 1479 profuse
242 1398 278 1458 ab
303 1417 338 1458 ea
361 1407 508 1476 extructa,
536 1399 620 1458 etiem
645 1397 729 1458 diruit
756 1398 791 1459 ad
813 1399 923 1476 solum,
952 1416 1003 1458 sua
1023 1414 1094 1456 vero

96 1485 227 1563 quamvis
248 1482 361 1543 modice
384 1491 518 1543 nontam
543 1491 696 1542 statuarum
719 1481 934 1563 tabularumque
956 1483 1095 1562 pictarum

60 1587 85 1628 rs
97 1577 209 1643 ornatu,
226 1584 309 1645 quam
323 1567 417 1642 xystis
434 1574 463 1627 et
477 1567 641 1628 nemoribus
654 1567 782 1642 eucoluit
793 1567 938 1646 rebusque
950 1574 1094 1628 vetustate

96 1669 133 1712 ac
147 1651 264 1710 raritate
280 1650 469 1714 notabilibus:
485 1652 580 1733 qualia
595 1660 660 1711 sunt
675 1651 796 1730 Capreis
813 1653 971 1712 immanium
985 1650 1093 1714 belbre-

94 1751 160 1795 rum
179 1733 359 1813 ferarumque
376 1736 504 1798 membre
526 1735 734 1816 praegrandia,
757 1754 830 1816 quae
845 1734 975 1799 dicuntur
991 1735 1093 1816 Gigan-

95 1829 156 1879 tum
178 1834 245 1878 ossa
266 1827 295 1878 et
309 1837 386 1880 arma
399 1821 534 1881 Heroum.
562 1820 745 1881 Instrumenti
766 1822 828 1880 eius
850 1829 879 1878 et
901 1823 1095 1903 supellectilis
1103 1833 1139 1888 73

95 1903 270 1983 parsimonia
290 1913 413 1982 apparet
436 1907 520 1966 etiam
544 1924 618 1965 nunc
635 1904 758 1965 residuis
772 1903 858 1964 lectis
878 1914 963 1985 atque
977 1908 1094 1983 mensis,

57 2003 84 2044 eo
95 2004 218 2066 quorum
237 1986 378 2066 pleraque
402 1991 451 2047 vix
474 1989 604 2068 privatae
620 1989 782 2066 elegantiae
798 1988 863 2050 sint.
893 1991 938 2050 Ne
954 2000 1020 2051 toro
1036 1991 1094 2070 qui-

95 2072 162 2130 dem
178 2071 311 2132 cubuisse
327 2073 404 2131 aiunt
418 2071 472 2130 nisi
488 2071 586 2132 humili
602 2081 631 2132 et
645 2070 760 2133 modice
774 2075 903 2135 instrato.
934 2075 1027 2136 Veste
1037 2091 1096 2133 non

95 2165 207 2216 temere
230 2154 286 2216 alia
303 2173 386 2234 quam
402 2155 562 2217 domestica
575 2175 644 2215 usus
658 2164 719 2234 est,
741 2156 777 2218 ab
793 2175 897 2218 sorore
916 2166 945 2219 et
960 2174 1052 2217 uxore
1067 2164 1097 2216 et

51 2263 53 2266 ·
95 2239 156 2300 lilia
170 2239 362 2320 neptibusque
380 2241 530 2310 conlecta;
548 2241 626 2317 togis
638 2258 732 2319 neque
744 2243 887 2302 restrictis
901 2260 997 2321 neque
1012 2241 1095 2318 lusis,
1170 2263 1174 2266 ·

96 2323 181 2383 elevo
196 2341 253 2384 neo
270 2323 329 2385 lato
343 2343 400 2385 nec
415 2334 554 2403 angusto,
577 2325 770 2386 calciamentis
788 2325 962 2404 altiusculis,
983 2334 1014 2386 ut
1028 2343 1082 2405 pro

59 2408 195 2468 recerior
217 2426 300 2486 quam
324 2418 387 2470 erat
409 2409 564 2470 videretur.
601 2407 639 2470 llt
660 2409 788 2469 forensia
809 2419 903 2470 autem
922 2419 951 2471 et
977 2411 1095 2472 calceos

94 2509 249 2569 numquam
265 2510 322 2552 non
342 2494 415 2554 intra
430 2494 598 2555 cubiculum
616 2492 714 2555 babuit
734 2492 770 2553 ad
785 2493 897 2555 subitos
913 2497 1082 2575 repentinos

95 2593 154 2654 que
171 2594 256 2636 casus
272 2587 381 2656 parata.

140 2657 353 2722 Conuiuabatur
376 2661 491 2722 assidue
517 2681 573 2722 nec
594 2680 726 2741 umquam
749 2665 803 2724 nisi
823 2674 920 2741 recta,
949 2681 1006 2723 non
1032 2657 1137 2722 sueto

93 2761 201 2820 magno
224 2745 354 2805 ordinum
375 2745 578 2825 bominumque
600 2747 716 2809 dilectu.
745 2747 882 2808 Valerius
896 2747 1022 2808 Messala
1037 2753 1093 2805 tra·

60 2826 151 2904 audit,
171 2831 312 2889 neminem
331 2847 463 2910 umquam
484 2828 682 2892 libertinorum
700 2831 854 2892 adhibitum
874 2830 909 2892 ab
932 2849 969 2891 eo
986 2846 1093 2891 caenae

18 2967 20 2984 ‚
96 2921 223 2991 excepto
249 2913 350 2992 blena,
378 2914 430 2975 sed
452 2925 565 2976 asserto
587 2917 616 2975 in
636 2917 841 2992 ingenuitatem
863 2924 931 2995 post
952 2913 1094 2994 proditam

95 2997 178 3056 Sexti
192 2997 312 3077 Pompei
334 2999 467 3060 classem.
498 2999 567 3078 lpse
591 2999 706 3076 scribit,
727 3001 864 3061 invitasse
886 3018 919 3060 se
941 2996 1092 3078 quendam,

94 3081 123 3138 in
141 3081 221 3141 cuius
237 3083 306 3143 villa
321 3092 458 3160 maneret,
476 3085 523 3162 qui
540 3083 709 3163 speculator
724 3103 791 3144 suus
806 3085 873 3144 olim
887 3084 998 3144 luisset.
1019 3079 1093 3141 Con·

94 3163 170 3225 vivia
191 3182 402 3248 nonnumquam
425 3177 454 3228 et
478 3169 571 3228 serius
592 3168 680 3229 inibat
703 3177 732 3228 et
747 3170 884 3228 maturius
900 3166 1093 3245 relinquebat,

60 3261 85 3302 as
96 3267 158 3308 cum
176 3252 317 3330 conuiuae
339 3261 368 3311 et
388 3257 510 3313 caenare
532 3255 694 3332 inciperent
714 3252 794 3331 prius
808 3270 892 3332 quam
906 3251 956 3311 ille
973 3250 1093 3312 discum·

94 3331 197 3412 beret,
215 3343 244 3394 et
259 3345 462 3415 permanerent
478 3336 613 3414 digresso
631 3354 678 3397 eo.
713 3333 838 3398 Caenam
854 3336 944 3397 ternis
962 3336 1093 3412 ferculis,

18 3439 24 3452 ·
96 3423 142 3475 aut
163 3436 227 3478 cum
249 3419 489 3481 abundantissime
506 3423 584 3481 senis
598 3420 775 3501 praebebat,
799 3431 902 3482 utnon
917 3420 1004 3481 nimio
1020 3437 1093 3480 sum·

95 3508 160 3578 ptu,
175 3502 213 3562 ita
229 3521 335 3565 summa
354 3505 497 3566 comitate.
526 3503 599 3566 Nam
615 3515 644 3567 et
658 3506 693 3566 ed
710 3507 937 3568 communionem
953 3503 1095 3565 sermonis
