2466 3896
490 214 661 262 oraremus.
1029 203 1070 264 99

83 370 227 431 continuo.
259 368 431 429 Dominus
452 367 613 447 appellatus
635 387 650 428 a
672 369 812 448 quodam,
840 367 1014 428 denuntiarit
1035 386 1071 428 ne

81 472 113 514 se
138 452 258 532 amplius
284 452 473 512 contumeliae
504 449 589 511 causa
608 456 777 512 nominaret.
812 452 908 513 Alium
931 452 1072 512 dicentem

81 554 209 598 sacras
247 536 308 596 eius
343 537 551 614 occupationes
585 543 615 594 et
647 555 746 595 rursus
781 536 884 613 alium,
919 545 1073 612 auctore

80 638 116 681 eo
138 629 266 680 senatum
287 637 319 679 se
340 618 451 696 adisse,
473 617 563 677 rerba
583 627 692 679 mutare
714 628 743 678 et
758 639 812 700 pro
835 629 954 680 auctore
974 638 1073 680 suaso·

59 722 155 780 arem,
187 721 242 783 pro
263 704 355 764 sacris
380 701 542 762 laboriosas
565 701 663 762 dicere
688 706 795 779 coegit.
834 704 892 765 Sed
922 713 952 764 et
972 704 1116 770 adver-aa

79 807 128 848 sus
145 788 275 848 convicia
294 786 442 864 malosque
461 802 592 845 rumores
614 795 642 845 et
663 786 772 846 iamcsa
789 787 824 847 de
840 807 873 848 sc
887 806 921 848 ac
937 789 996 848 suis
1013 807 1073 849 car·

79 876 154 933 mina
169 873 265 931 firmus
282 888 316 932 ac
336 870 464 949 patiens,
489 869 609 929 subinde
625 868 759 945 iactabat,
781 872 814 930 iu
831 872 953 932 ciuitate
975 871 1075 932 libera

79 956 214 1036 linquam
222 961 406 1032 meritamque
416 952 533 1014 liberae
546 971 613 1013 esce
628 952 739 1014 debere
745 978 761 1024 ,·
777 963 806 1013 et
819 954 960 1033 qnondam
974 966 1074 1016 senatu

80 1041 277 1117 cognitionem
294 1037 330 1097 de
350 1039 411 1096 eius
433 1036 510 1098 modi
526 1036 689 1096 criminibus
705 1055 740 1096 ac
755 1039 813 1096 reis
832 1039 989 1115 flagitante,
1006 1038 1075 1099 Noa

47 1130 211 1198 rotomum,
236 1123 345 1200 inquit,
368 1121 424 1181 otii
441 1119 603 1195 babemus,
628 1128 661 1180 ut
683 1120 845 1198 implicare
862 1139 921 1182 uos
934 1121 1075 1198 pluribus

76 1208 207 1287 aeqotiis
227 1205 415 1274 debeamuc;
445 1205 475 1264 si
492 1203 572 1264 barac
592 1204 761 1282 fenestram
777 1204 978 1282 aperueritis,
1000 1205 1077 1265 uibil

78 1291 167 1353 aliud
192 1289 245 1368 aqi
268 1288 391 1350 riaetis:
418 1290 548 1348 ommium
571 1288 750 1348 inimicitiae
770 1288 830 1348 boc
846 1294 1009 1366 praetecta
1033 1288 1077 1350 ad

76 1393 135 1438 cas
161 1372 345 1450 deferentur.
374 1369 463 1431 Extat
486 1379 516 1431 et
538 1387 633 1430 sermo
652 1373 714 1430 cius
736 1374 767 1431 in.
788 1381 889 1433 senatu
910 1372 1074 1451 percivilis:

76 1456 236 1535 Siquidem
252 1456 373 1517 locutus
394 1453 486 1514 aliter
502 1453 615 1533 fuerit,
639 1453 722 1516 dabo
737 1474 864 1534 operam
879 1463 912 1516 at
924 1456 1076 1516 ratioaem

47 1553 68 1594 ¹³
74 1541 234 1620 factarum
247 1556 383 1600 mearam
394 1537 603 1618 dictorumque
614 1539 765 1612 reddam·
776 1541 806 1600 oi
815 1539 1073 1619 perseveraverit,

74 1626 109 1686 im
122 1623 219 1684 uicem
233 1638 302 1684 eum
317 1622 422 1683 odero.

144 1706 240 1785 Atque
261 1707 334 1767 haec
355 1723 391 1766 ec
406 1707 578 1768 notabiliora
594 1718 692 1785 erant,
712 1709 789 1788 quod
804 1710 868 1788 ipse
883 1710 911 1768 in
927 1707 1073 1787 appellari·
1082 1720 1117 1777 29

76 1793 123 1852 dis
146 1791 374 1868 venerandisque
400 1800 429 1850 et
451 1791 571 1868 singulis
592 1801 622 1850 ct
636 1794 779 1852 universis
795 1809 889 1870 prope
905 1801 1075 1851 excesserat

74 1877 255 1936 humanitatis
267 1873 391 1935 modum.
423 1875 604 1934 Dissentiens
618 1877 646 1934 in
663 1878 740 1935 curia
757 1895 772 1936 a
789 1877 823 1950 Q.
836 1875 965 1951 Haterio,
981 1872 1072 1954 lquo-

42 1972 161 2032 mscas,
182 1959 283 2035 inquit,
299 1975 392 2038 rapo,
408 1959 438 2017 oi
453 1957 526 2036 qaid
540 1957 692 2018 aduersus
707 1966 735 2018 te
749 1957 877 2019 liberius
891 1958 970 2018 sicat
983 1975 1072 2018 seua·

75 2051 127 2102 tor
151 2040 271 2103 dicero.
299 2040 338 2100 Et
362 2039 465 2100 deinde
493 2042 583 2100 omnis
605 2042 777 2120 adloquens:
802 2041 882 2101 Diui
901 2047 931 2100 et
946 2060 1026 2101 murac
1047 2047 1077 2100 et

75 2143 173 2203 saepe
194 2126 277 2186 alias
294 2124 328 2185 P.
352 2122 385 2185 G.
409 2122 520 2185 bouum
539 2131 567 2183 et
588 2126 758 2184 salutarem
775 2125 963 2202 principem,
976 2141 1075 2202 ,quem

75 2227 133 2270 cos
147 2216 235 2269 tauta
250 2217 278 2270 et
292 2215 353 2269 tam
370 2206 469 2269 libera
481 2214 635 2286 potestate
649 2209 858 2284 iustruciotie,
873 2207 996 2267 scaami
1008 2225 1072 2267 oer-

75 2292 143 2353 aire
155 2291 267 2354 debere
282 2300 311 2354 et
324 2291 478 2353 uniuersis
493 2290 612 2352 ciuibus
626 2309 730 2369 caepe,
748 2299 777 2352 et
789 2292 967 2370 pleramque
984 2291 1075 2351 etiam

45 2392 68 2432 u
77 2376 207 2455 simpulis
214 2403 228 2448 ,·
240 2395 338 2456 meque
352 2377 386 2437 id
399 2376 519 2436 dimisse
533 2394 580 2435 me
592 2376 745 2454 paenitet,
762 2384 791 2437 et
805 2374 903 2435 boaoo
917 2381 946 2434 et
959 2392 1075 2458 aequos
1127 2383 1130 2390 ’

77 2467 105 2520 et
117 2459 260 2538 faceateo
273 2478 330 2521 cos
343 2459 439 2521 babai
455 2459 594 2522 domiuus
610 2468 638 2520 et
653 2460 755 2520 adbuc
769 2459 879 2520 babeo.

140 2544 213 2619 Quin
228 2547 313 2605 ctiam
327 2547 456 2623 speciem
471 2544 610 2604 libertatis
625 2545 763 2622 quandam
779 2543 899 2620 induxit,
918 2552 1115 2607 conserva-3⁰

76 2629 111 2688 tis
126 2631 237 2689 senatui
254 2646 289 2689 ac
305 2628 516 2705 magistratibus
532 2637 560 2686 et
575 2630 723 2689 maiestate
738 2629 856 2706 pristina
872 2637 901 2686 ct
915 2637 1071 2707 potestate.

75 2710 178 2790 Neque
192 2721 248 2772 tarn
260 2730 378 2791 parvum
394 2713 544 2790 quicquam
560 2730 655 2790 neque
670 2721 725 2772 tarn
744 2729 875 2789 magnum
892 2710 1000 2789 publici
1016 2712 1072 2790 pri·

47 2799 193 2874 auratique
207 2797 319 2872 negotii
333 2796 401 2873 iuit,
418 2795 453 2854 de
469 2813 526 2873 quo
542 2813 600 2854 non
616 2795 650 2855 ad
668 2804 766 2875 patres
782 2797 967 2873 conscriptos
982 2794 1071 2854 reicr·

77 2888 170 2939 retur:
185 2878 221 2939 dc
235 2878 426 2956 vectigalibus
441 2897 475 2938 ac
490 2879 683 2958 monopoliis,
700 2879 736 2939 dc
753 2878 918 2939 extruendis
940 2879 1071 2938 reficien-

77 2962 158 3022 disue
177 2963 331 3041 operibus,
352 2964 436 3022 etiam
451 2962 486 3022 de
500 2962 625 3040 legendo
640 2964 687 3022 vel
705 2961 919 3050 exaucporando
934 2961 1022 3020 milite
1037 2978 1072 3019 ac

76 3046 221 3124 legionum
245 3056 275 3106 et
295 3046 465 3107 auxiliorum
484 3045 698 3124 descriptione,
719 3046 841 3124 denique
865 3044 967 3123 quibus
982 3045 1070 3123 impe-

77 3133 146 3188 rium
162 3132 316 3209 prorogari
332 3139 379 3190 aut
394 3130 619 3190 extraordinaria
634 3129 711 3190 bella
728 3129 869 3206 mandari,
891 3128 956 3207 quid
972 3137 1000 3187 et
1016 3145 1070 3206 qua

48 3213 168 3274 uiornra
186 3232 287 3292 regum
308 3213 411 3274 litteris
428 3214 550 3274 rescribi
564 3214 703 3292 placeret.
731 3213 912 3274 Praefectum
934 3211 1012 3288 alae,
1034 3210 1070 3269 dc

79 3299 104 3356 vi
120 3307 149 3358 et
163 3299 270 3377 rapinis
285 3316 374 3375 reum,
391 3315 505 3357 causam
519 3299 547 3356 in
560 3307 660 3358 senatu
672 3297 770 3358 dicere
784 3296 891 3372 coegit.
912 3295 1070 3374 Numquam

81 3383 183 3442 curiam
203 3383 257 3441 nisi
275 3381 354 3442 solus
377 3382 505 3448 intrarit:
527 3381 632 3442 lectica
649 3381 790 3461 quondam
804 3379 954 3440 introlatus
969 3397 1068 3456 aeger,

25 3533 35 3546 q
81 3468 197 3525 comites
218 3484 234 3526 a
256 3484 288 3526 se
309 3466 441 3526 removit.
474 3466 618 3540 Quaedam
639 3466 775 3526 aduersus
799 3463 967 3602 sentqrqtiam
991 3472 1108 3525 suamet
