2468 3912
486 229 693 278 PRAEFATIO.
993 228 1027 278 (ii

194 390 331 448 Flosculis
352 395 434 460 atque
455 388 549 445 herbis
571 405 587 444 e
609 389 689 445 Prato
710 387 851 460 decerptis
873 391 1027 444 addendam

135 492 243 550 quoque
262 472 413 530 indicarem
439 477 519 543 ceput
543 472 584 527 de
607 473 755 530 vocibus
783 471 1027 542 animantium,

134 563 159 618 si
187 561 221 616 de
245 556 409 612 auctoritate
441 555 524 626 paulo
553 556 681 612 securior
707 573 804 611 essem.
849 556 932 611 Solus
956 556 1028 612 euim

134 641 308 702 Borbornius
336 639 370 696 ad
390 638 477 694 Plauti
498 637 690 695 blenaechmos
712 645 746 710 4,
775 646 808 708 2,
838 645 871 699 91
900 634 1028 696 ‘Vetus

134 723 384 799 grammaticus
408 722 600 792 Sidonius,
619 721 726 793 inquit,
746 723 824 778 cuius
847 723 1029 792 fragmentum

135 813 170 867 de
184 807 301 865 vocibus
317 805 490 862 animantium
512 805 539 859 in
556 804 662 876 aliquot
677 805 827 862 Glossariis
844 805 948 862 nostris
965 824 1028 862 mss.

134 894 251 964 legitur:
273 897 373 946 noctua
392 889 534 945 cacabat’.
578 889 719 945 Eiusmodi
742 890 881 959 glossaria
899 890 934 944 de
952 889 1028 946 sonIs

135 975 291 1035 animalium
306 975 360 1030 duo
372 971 516 1030 Leidensia
533 972 619 1029 edidit
630 974 796 1028 Burmannus
812 973 840 1028 ln
850 972 1031 1044 Antbologia,

135 1058 349 1116 vetustissimum
370 1056 523 1128 exemplum
536 1055 714 1126 Aldhelmus,
736 1055 781 1127 qui
802 1072 826 1111 a.
842 1062 893 1116 toa
909 1063 1030 1111 mortuus

135 1150 187 1209 est,
206 1141 329 1198 servavit
346 1141 418 1211 apud
434 1139 468 1195 Α.
481 1140 580 1196 blaium
595 1139 623 1194 in
640 1139 773 1195 classicis
788 1147 804 1198 5
820 1157 847 1211 p·
866 1140 910 1195 LII
927 1145 955 1194 et
969 1144 1029 1198 569.

137 1227 194 1282 Sed
206 1225 348 1282 Sidonium
356 1219 392 1296 ⁹⁸)
403 1223 609 1293 grammaticum
625 1230 737 1295 praeter
748 1223 945 1291 anlrornium,
960 1221 1032 1278 lavis

137 1307 309 1366 auctoritatis
327 1307 479 1377 bomInem,
500 1306 527 1362 in
548 1307 600 1362 bac
624 1324 656 1362 re
677 1322 756 1362 nemo
773 1305 940 1378 appellarit;
963 1304 1033 1360 alio-

138 1395 202 1465 quiu
217 1395 286 1448 baec
301 1390 449 1447 uerborum
463 1391 498 1445 de
520 1389 597 1446 sonis
622 1389 778 1448 animalium
793 1388 963 1445 enumeratio
978 1403 1032 1444 non

138 1477 312 1532 iniucundum
327 1473 466 1528 Pratorum
483 1479 565 1545 caput
580 1473 670 1531 videri
686 1479 783 1570 posset
797 1473 1005 1552 implevisse

200 1559 324 1629 Denique
337 1556 434 1628 paucis
450 1556 595 1612 dicendum
612 1564 656 1613 est
673 1557 744 1614 de
725 1575 760 1614 us
779 1557 876 1626 libris,
899 1571 968 1628 quos
990 1553 1032 1610 in·
1060 1558 1177 1611 reusneri

138 1644 209 1700 iuria
225 1643 362 1713 quidemn
379 1639 513 1697 Suetonio
526 1641 647 1713 scriptos
664 1659 728 1698 csse
744 1641 849 1713 opinati
862 1646 934 1698 sunt.
1076 1610 1163 1663 ΝΜ

200 1724 242 1779 Ac
266 1727 381 1796 prImum
406 1723 516 1794 quidem
540 1726 792 1782 commemorandos
813 1730 856 1781 est
880 1739 961 1780 error
985 1722 1087 1814 vixcg
1074 1723 1177 1811 unffi?
1172 1717 1193 1809 ¹}

140 1809 282 1866 credibilis
299 1824 332 1863 ac
348 1813 438 1862 tamen
455 1808 539 1878 longe
554 1807 655 1879 diuque
673 1816 807 1879 vagatus,
830 1824 884 1879 quo
903 1807 1032 1862 (laesa-

140 1891 240 1950 riani
255 1890 350 1946 belli
369 1890 500 1945 Gallici
520 1896 729 1962 ceterorumque
751 1894 811 1946 eius
830 1890 958 1962 corporis
973 1891 1035 1946 bel

140 1978 228 2031 lorum
242 1974 364 2045 scriptor
383 1972 530 2030 Suetonius
547 1973 722 2042 Tranquillus
743 1973 853 2030 babitus
872 1980 924 2028 est.
968 1972 1035 2026 Eum

141 2074 265 2115 errorem
285 2058 320 2112 de
340 2052 514 2111 Caesarianis
535 2055 696 2126 codicibus,
718 2062 747 2111 ut
770 2057 876 2126 aliquot
901 2051 1035 2125 exemplis

141 2149 211 2211 utar,
228 2133 431 2211 Bongarsianus
449 2137 654 2208 antiquissimus
668 2144 695 2193 et
707 2139 825 2210 optImus
842 2137 933 2193 statim
947 2136 1037 2208 primo

140 2227 213 2282 libro
227 2225 338 2280 ineunte
355 2238 423 2294 prae
438 2237 469 2277 se
481 2220 544 2289 lert,
558 2226 613 2275 tum
626 2221 840 2290 Hamburgensis
855 2220 929 2276 libro
944 2220 995 2274 Vll
1011 2224 1039 2274 et

141 2311 202 2364 VIII
220 2315 360 2376 extremo,
377 2303 554 2361 colbertinus
569 2308 638 2365 2957
653 2307 726 2376 apud
740 2303 932 2372 illontlaucon‚
951 2302 1039 2358 bledl-

142 2409 207 2448 ceus
221 2391 346 2460 LXVIII,
360 2395 379 2449 t
401 2390 436 2445 de
451 2403 505 2460 quo
520 2405 603 2460 supra
624 2407 650 2461 p.
667 2389 755 2445 XXIV
769 2388 871 2444 dictum
887 2393 939 2442 est.
982 2386 1040 2442 Ac-

142 2477 223 2532 cedat
236 2473 462 2530 Vindobonensis
484 2473 574 2530 codex
597 2478 647 2542 60,
673 2473 816 2530 historiam
832 2470 1039 2528 miscellaneam

142 2560 260 2615 nondum
279 2556 374 2613 formis
391 2555 551 2628 impressam
573 2557 734 2626 continens,
756 2557 783 2611 in
801 2572 853 2627 qua
871 2555 944 2611 bella
960 2553 1040 2610 dein-

143 2659 209 2714 ceps
223 2642 355 2698 Gallicum
367 2638 623 2695 CiuileXlricanum
632 2639 848 2696 Alexandrinum
855 2637 1040 2711 Hispaniense

142 2725 177 2782 ‘a
194 2725 325 2781 Suetonio
340 2723 427 2778 milita
443 2721 571 2778 (laeseris
587 2729 615 2778 et
631 2724 726 2780 forsan
742 2739 848 2796 proavo
866 2723 925 2778 eius
941 2720 987 2792 qni
1005 2720 1040 2774 de

145 2808 199 2866 rita
217 2807 363 2865 Caesarum
378 2805 507 2882 scripsit'
526 2807 679 2878 composita
702 2824 766 2863 assa
786 2807 938 2863 traduntur.
985 2800 1041 2857 Sed

143 2892 216 2948 idem
232 2907 311 2948 error
326 2889 532 2961 antiquissimus
547 2895 597 2952 est,
615 2905 675 2945 cum
688 2891 783 2962 quInto
799 2889 912 2946 saeculo
930 2887 1042 2941 incunte

144 2975 260 3032 Orosius
274 2974 300 3031 in
315 2972 457 3046 Hispania,
475 2971 565 3027 medio
582 2973 712 3030 Sidonius
727 2971 899 3044 Apollinaris
910 2971 937 3024 in
954 2967 1043 3023 Gallia

145 3059 171 3115 ei
188 3058 325 3116 obnoxius
346 3056 438 3112 luerit.
481 3056 532 3110 Ille
548 3055 620 3110 enlm
641 3073 692 3113 suo
709 3055 937 3112 caesarianorum
952 3051 1043 3106 bello-

144 3161 202 3199 rum
217 3142 378 3210 summario,
395 3139 467 3211 qnod
486 3156 522 3195 cx
537 3139 733 3211 superstitibus
748 3139 812 3195 ttivi
827 3138 890 3193 lulii
906 3151 1046 3192 commen·

212 3287 259 3350 98)
297 3286 378 3354 Supra
406 3288 514 3337 uidimus
537 3303 563 3353 p.
583 3285 663 3336 XCIV
685 3286 799 3350 Suetonii
818 3299 908 3336 nomen
928 3283 1045 3348 frequen-

145 3366 184 3406 ter
198 3371 224 3406 nn
244 3355 367 3408 Sicanium
387 3365 411 3406 et
432 3355 563 3406 Sidonium
583 3357 675 3407 abisse
711 3355 747 3405 De
766 3355 869 3406 Sidonio
887 3353 978 3404 Citerlc
998 3351 1044 3416 Sy

145 3440 281 3488 recusans,
306 3427 348 3489 qui
363 3425 471 3475 Ausonii
490 3425 603 3488 aequalis
619 3424 700 3476 fuisse
718 3424 766 3474 dic
746 3433 825 3486 c,1tur
853 3438 894 3472 res
909 3421 1046 3472 admodum

146 3503 263 3559 suspecta
281 3501 332 3554 est,
353 3507 522 3555 enumquam
541 3495 641 3546 vixerit.
917 3511 923 3524 ·
