2450 3910
120 307 183 368 202
205 319 234 368 c.
250 317 400 366 suurouu
418 317 545 377 ranno.
561 319 609 364 ιιι
624 317 706 364 vird
729 316 913 365 cnusunuu
926 317 996 365 ιιι.
1012 317 1071 364 vn.

121 476 269 554 sequentis
282 492 383 552 casus,
403 491 459 552 quo
473 473 582 534 medius
604 474 678 533 inter
696 473 845 552 utriusque
861 472 936 532 lilios
956 473 1047 532 extitit
1066 474 1116 532 im-

143 569 248 619 erator.

121 579 139 638 p
181 641 291 704 AGaio
303 641 430 702 Caesare
444 637 499 740 [ip
499 641 597 702 locum
609 640 773 720 Gaetu]lici
783 640 961 719 substitutus,
975 641 1117 720 postridie

121 745 204 806 quam
221 726 256 786 ad
268 726 402 804 legiones
413 725 509 803 venit,
527 726 659 785 sollemni
671 725 748 785 iorte
760 725 931 805 spectaculo
945 725 1116 804 plaudentes

119 810 254 889 inhibuit,
268 811 332 871 data
344 819 470 888 tessera,
488 820 518 869 ut
533 828 632 870 manus
651 809 775 888 paenula
792 811 987 879 continerent;
1008 811 1115 870 statim-
1126 826 1139 866 ι

23 959 95 976 w
119 914 176 975 que
189 913 241 974 per
254 905 348 956 castra
362 896 496 956 iactatum
508 903 566 954 est:

195 977 290 1040 Disce
301 979 390 1042 miles
404 978 671 1055 militare,¹Gclbc
686 985 742 1056 est,
759 997 822 1040 noo
837 978 1036 1039 Gaetulicus!

118 1063 183 1124 Pari
195 1063 352 1124 severitate
365 1063 512 1123 interdixit
524 1073 700 1123 commeatus
713 1065 782 1143 peti.
806 1064 984 1124 veteranum
998 1080 1034 1122 ac
1045 1063 1114 1122 tiro·
1206 1063 1207 1104 ἶ

118 1166 183 1208 nem
194 1147 311 1208 militem
325 1165 417 1228 opere
430 1146 546 1207 assiduo
564 1147 776 1225 corroborarit,
790 1156 958 1225 matureque
971 1146 1113 1223 barbaris,

119 1235 166 1311 qui
189 1233 290 1294 iamin
311 1231 541 1310 Galliamusque
563 1241 772 1331 proruperant,
793 1232 944 1309 coercitis,
966 1229 1115 1310 praesenti
1124 1245 1151 1286 ιο

118 1335 234 1397 quoque
248 1315 318 1378 Gaio
335 1316 421 1376 talem
435 1325 509 1375 etse
527 1325 554 1375 et
567 1318 727 1377 exercitum
739 1315 928 1395 approbavit,
947 1325 976 1374 ut
987 1316 1061 1375 inter
1073 1314 1114 1373 in·

117 1419 249 1462 numeras
267 1410 491 1479 contractasque
513 1418 551 1459 ex
567 1401 698 1461 omnibus
721 1401 879 1480 provinciis
899 1401 1000 1498 popius
1018 1416 1114 1477 neque

117 1487 310 1546 testimonium
331 1503 427 1564 neque
446 1483 573 1564 praemia
590 1473 734 1565 ampliora
753 1484 804 1544 ulli
829 1484 1033 1563 perciperent;
1050 1483 1113 1562 ipse
1206 1555 1207 1566 ,

18 1590 51 1640 ι
18 1593 99 1643 ιι,
116 1571 238 1629 maxime
249 1569 386 1647 insignis,
400 1567 478 1647 quod
490 1578 682 1648 campestrem
693 1567 894 1628 decursionem
914 1577 997 1628 scuto
1014 1567 1112 1627 mode·

116 1662 206 1731 ratus,
222 1655 306 1713 etiarn
319 1652 354 1713 ad
367 1651 522 1712 essedum
513 1655 697 1744 imperatoris
710 1671 764 1731 per
775 1653 877 1730 viginti
890 1668 1024 1731 passuum
1035 1652 1113 1711 milia
1123 1669 1148 1710 ιι

117 1737 255 1797 cucurrit.

87 1834 102 1890 7
180 1819 278 1882 Caede
292 1820 343 1882 Gai
356 1821 499 1896 nuntiata,
514 1820 608 1880 multis
628 1820 665 1880 ad
683 1821 870 1881 occasionem
894 1819 1111 1897 stimulantibus,

117 1905 241 1984 quietem
254 1903 398 1984 praetulit.
422 1903 478 1964 Per
502 1903 558 1964 hoc
575 1906 756 1981 gratissimus
776 1903 897 1966 Claudio
916 1913 1111 1985 receptusque

115 1990 144 2048 in
160 1989 310 2049 eohortem
321 1990 494 2065 amicorum,
513 1997 608 2048 tantae
621 1987 794 2067 dignationis
808 1999 853 2049 est
864 1988 992 2066 habitus,
1007 1998 1035 2048 ut
1049 2007 1112 2049 eum

116 2073 208 2134 subita
219 2073 247 2133 ei
260 2072 385 2133 valitudo
399 2091 455 2132 nec
466 2072 539 2132 adeo
551 2073 650 2149 gravis
661 2074 825 2151 incidisset,
847 2072 951 2133 dilatus
969 2075 1005 2132 sit
1022 2090 1110 2152 expe·
1120 2089 1147 2129 ao

39 2163 42 2170 ’
115 2157 231 2218 ditionis
244 2155 426 2218 Britannicae
438 2157 510 2217 dies.
525 2155 655 2216 Africam
667 2175 721 2236 pro
735 2157 855 2219 consule
867 2155 983 2216 biennio
1000 2159 1110 2236 optinu-

114 2245 136 2302 it
147 2251 229 2303 extra
246 2251 355 2302 sortem
374 2241 486 2301 electus
499 2241 535 2302 ad
546 2240 730 2302 ordinandam
743 2241 924 2320 provinciam
937 2250 966 2301 et
978 2242 1111 2303 intestina

115 2327 295 2387 dissensione
314 2335 343 2386 et
365 2324 553 2386 barbarorum
570 2326 690 2386 tumultu
715 2328 885 2405 inquietam;
910 2324 1111 2404 ordinavitque

113 2429 218 2487 magna
231 2409 396 2470 severitatis
413 2427 449 2470 ac
466 2410 590 2470 iustitiae
612 2429 695 2488 eura,
718 2411 802 2470 etiam
819 2412 847 2470 in
866 2409 995 2490 parvulis
1012 2409 1110 2470 rebus.
1206 2409 1207 2460 l

114 2493 207 2571 bliliti,
225 2495 273 2571 qui
284 2512 339 2572 per
351 2493 566 2573 expeditionem
577 2496 719 2554 artissima
736 2512 848 2555 annona
867 2493 1011 2554 residuum
1031 2493 1107 2554 ciba·
1120 2504 1148 2545 2⁵

114 2579 221 2638 riorum
240 2577 327 2636 tritici
339 2577 463 2637 modium
476 2587 589 2637 centum
602 2577 729 2640 denariis
742 2578 909 2639 vendidisse
923 2578 1109 2656 arguebatur,

116 2663 215 2738 vetuit,
233 2661 316 2720 simul
329 2670 415 2740 atque
427 2660 558 2739 indigere
571 2662 637 2723 cibo
650 2662 813 2742 coepisset,
829 2681 845 2723 a
861 2680 1004 2741 quoquam
1023 2679 1110 2741 opem

113 2747 198 2816 ferri;
212 2754 241 2805 et
252 2747 276 2804 is
289 2746 365 2805 lame
378 2746 514 2806 extabuit.
535 2745 573 2806 Αι
586 2748 615 2805 in
628 2749 689 2808 iure
702 2746 825 2807 dicendo
840 2765 904 2807 eum
923 2746 959 2806 de
978 2749 1110 2827 proprie·

114 2839 173 2892 tate
184 2830 301 2890 iumenti
313 2839 513 2908 quaereretur,
526 2830 641 2891 levibus
654 2831 795 2910 utrimque
808 2833 983 2909 argumentis
995 2832 1109 2892 ettesti·

113 2916 167 2976 bus
178 2914 303 2992 ideoque
317 2913 426 2974 diliicili
438 2915 606 2977 coniectura
616 2917 756 2993 veritatis,
771 2915 811 2975 ita
829 2916 960 2976 decrevit
971 2925 1000 2976 ut
1018 2915 1054 2976 ad
1069 2916 1108 2976 la·
1120 2930 1147 2973 ao

115 3019 192 3077 eum,
211 2998 260 3060 ubi
273 2998 409 3077 adaquari
421 2998 550 3077 solebat,
569 2999 723 3061 duceretur
741 3001 837 3079 capite
857 3000 1002 3078 involuto,
1023 3009 1110 3078 atque

113 3083 219 3144 ibidem
235 3083 367 3143 revelato
387 3083 449 3143 eius
467 3093 562 3162 esset,
583 3084 618 3145 ad
636 3103 721 3164 quem
740 3094 845 3164 sponte
863 3103 895 3144 se
915 3103 930 3145 a
946 3094 1015 3163 potn
1028 3102 1110 3144 rece-

114 3169 216 3247 pisset.

84 3271 103 3325 g
174 3251 218 3310 Ob
231 3269 279 3311 res
290 3259 319 3311 et
331 3261 397 3312 tunc
408 3253 436 3312 in
451 3251 551 3312 Africa
567 3261 596 3311 et
608 3252 700 3312 οιιιι
692 3272 720 3311 ιιι
739 3252 889 3320 Germania
907 3245 1007 3331 gestas
1027 3271 1108 3312 orna

113 3343 208 3393 menta
219 3335 401 3415 triumphalia
413 3338 529 3415 aceepit
544 3345 573 3396 et
587 3336 779 3396 sacerdotium
794 3337 918 3417 triplex,
936 3339 1009 3398 inter
1028 3338 1107 3416 quin
1114 3357 1145 3400 ιι

114 3417 288 3478 deeimviros
301 3418 477 3499 sodalesque
490 3421 581 3480 'l'itios
595 3420 663 3479 item
679 3419 859 3497 Augustales
879 3431 1049 3501 cooptatus;
1068 3430 1108 3480 at

115 3517 172 3579 que
184 3517 222 3558 ex
234 3516 270 3558 eo
283 3509 414 3580 tempore
427 3521 522 3601 prope
535 3502 570 3563 ad
584 3503 706 3563 medium
723 3503 850 3564 Neronis
870 3507 1062 3584 principatum
1079 3505 1108 3564 in

114 3600 234 3644 secessu
247 3581 396 3662 plurimum
408 3587 478 3644 vixit
479 3589 553 3663 ,(ne
566 3584 600 3644 ad
610 3587 779 3662 gestandum
790 3586 903 3666 quidem
916 3591 1111 3668 umquamiter
