2468 3912
419 267 525 318 mrvns
545 269 734 324 sueusrus.
1043 259 1086 321 59

82 432 301 510 ordinavitque,
318 438 412 491 motus
429 431 530 491 iniuria
546 430 704 508 senatoris,
723 447 807 508 quem
822 428 950 489 Puteolis
964 447 1020 507 per
1036 448 1084 491 ce·

81 517 253 579 leberrimos
269 513 353 574 ludos
370 531 510 575 consessu
525 516 670 594 frequenti
690 531 774 574 nemo
788 521 953 591 receperat.
991 513 1083 574 Facto

81 603 168 680 igitur
192 599 312 659 decreto
336 607 448 677 patrum
463 608 507 678 ut,
531 600 665 679 quotiens
688 599 755 677 quid
780 598 941 677 spectaculi
962 615 1083 677 usquam

81 684 198 766 publice
213 683 363 760 ederetur,
381 685 490 762 primus
511 683 715 743 subselliorum
732 681 804 742 ordo
825 691 945 743 vacaret
967 690 1097 743 senato·

57 770 176 845 tribus,
191 767 301 828 Romae
317 766 432 844 legatos
446 767 600 828 liberarum
623 767 823 847 sociarumque
843 768 971 844 gentium
992 767 1083 826 vetuit

80 857 110 914 in
138 851 288 912 orchestra
308 850 428 930 sedere,
456 870 518 912 cum
544 851 682 931 quosdam
703 851 789 911 etiam
815 849 941 911 libertini
962 852 1082 928 generis

80 938 151 998 mitti
179 934 388 1015 deprendisset.
432 935 554 997 hlilitem
577 936 705 996 secrevit
729 953 745 995 a
771 933 892 1013 populo.
930 933 1040 995 Meritis
1065 952 1082 994 e

80 1021 168 1102 plebe
184 1019 321 1099 proprios
338 1019 454 1081 ordines
466 1021 641 1098 assignavit,
656 1020 845 1098 praetextatis
858 1037 978 1078 cuneum
991 1036 1081 1094 suum,

81 1116 110 1167 et
125 1105 285 1184 proximum
300 1103 499 1182 paedagogis,
523 1106 674 1184 sanxitque
690 1121 726 1162 ne
745 1104 808 1181 quis
829 1101 1003 1181 pullatorum
1022 1120 1082 1161 me·

46 1191 128 1250 todia
144 1207 233 1248 cavea
248 1186 374 1248 sederet.
396 1187 522 1248 Feminis
536 1208 572 1248 ne
588 1187 767 1266 gladiatores
782 1187 910 1266 quidem,
925 1204 999 1264 quos
1015 1201 1082 1264 pro-

79 1276 189 1348 miscue
210 1273 337 1350 spectari
358 1270 500 1331 sollemne
522 1273 589 1332 olim
610 1281 688 1348 erat,
713 1271 767 1331 uisi
794 1289 832 1330 ex
847 1271 998 1349 superiore
1014 1269 1082 1329 loco

11 1409 15 1430 ,
80 1366 216 1437 spectare
245 1355 401 1415 concessit.
449 1354 527 1416 Solis
551 1355 712 1434 virginibus
737 1354 905 1416 Vestalibus
932 1353 1028 1413 locum
1053 1353 1084 1412 in

78 1443 208 1518 theatro,
224 1439 380 1518 separatim
395 1447 424 1498 et
440 1449 541 1499 contra
556 1440 701 1519 praetoris
716 1438 851 1516 tribunal,
870 1437 957 1498 dedit.
980 1436 1082 1498 Athle-

79 1536 172 1586 tarum
188 1540 258 1583 vero
276 1521 444 1601 spectaculo
460 1523 599 1583 muliebre
614 1542 701 1584 secus
718 1541 803 1584 omne
822 1523 895 1584 adeo
918 1521 1082 1597 summovit,

44 1623 68 1666 ts
78 1618 110 1669 ut
130 1606 343 1688 pontificalibus
366 1606 441 1667 ludis
461 1607 589 1686 pugilum
610 1626 663 1687 par
687 1608 864 1688 postulatum
885 1607 1029 1667 distulerit
1054 1606 1083 1664 in

77 1691 260 1769 insequentis
282 1689 339 1750 diei
367 1692 530 1752 matutinum
556 1702 683 1770 tempus,
716 1691 914 1771 edixeritque,
938 1690 1083 1752 mulieres

79 1781 153 1837 aare
167 1774 276 1835 boram
292 1773 426 1853 quintam
439 1777 544 1837 cende
557 1775 589 1837 in
600 1777 761 1854 theatrum,
779 1795 841 1838 aaa
854 1776 991 1856 placere.
1013 1774 1082 1855 lpse
1091 1783 1125 1838 45

79 1861 231 1922 circenses
253 1876 290 1917 ex
307 1858 463 1920 amicorum
482 1861 545 1921 iere
566 1861 793 1940 libertorumque
823 1860 988 1922 caenaculis
1015 1877 1081 1938 spe·

79 1941 194 2019 ciebat,
217 1941 359 2001 interdum
381 1961 418 2002 ex
440 1943 599 2022 pulvinari,
628 1953 658 2003 et
680 1945 794 2023 quidem
817 1963 880 2004 cum
901 1945 1026 2020 coniuge
1048 1961 1083 2003 ac

44 2027 182 2092 mliberis
203 2025 318 2086 sedens.
358 2027 533 2104 Spectacuto
556 2027 693 2106 plurimas
709 2027 813 2104 horas,
832 2026 986 2107 aliquando
1003 2035 1082 2085 totos

78 2112 143 2172 dics
165 2108 281 2187 aberat,
308 2111 399 2189 petita
419 2111 504 2170 venia
526 2111 790 2189 commendatisque
812 2113 960 2189 quisnam
987 2111 1082 2169 vicem

78 2192 272 2276 praesidendo
299 2194 498 2270 iungerentur.
544 2195 817 2273 Verumquotiens
849 2195 984 2271 adesset,
1012 2192 1082 2252 nihil

79 2287 233 2356 praeterea
256 2277 380 2355 agebat,
408 2297 459 2338 seu
479 2278 586 2339 vitandi
611 2279 734 2338 rumoris
760 2297 860 2356 causa,
886 2297 943 2360 quo
970 2287 1081 2357 patrem

80 2362 238 2423 Gaesarem
265 2362 354 2439 vulgo
379 2362 588 2441 reprehensum
615 2362 878 2440 commemorabat,=
900 2363 977 2442 quod
1006 2365 1082 2424 iuter

47 2445 269 2525 suspectandum
294 2446 426 2525 epistolis
452 2446 617 2526 libellisque
641 2445 774 2524 legendis
802 2456 850 2508 aut
883 2447 1082 2508 rescribendis

80 2538 214 2606 vacaret,
242 2548 294 2590 seu
316 2529 410 2590 studio
434 2531 585 2609 spectandi
608 2549 643 2591 ac
663 2531 830 2610 voluptate,
859 2550 914 2610 qua
934 2532 1028 2593 teneri
1048 2549 1081 2591 se

79 2631 175 2691 neque
193 2613 381 2675 dissimulavit
400 2633 532 2693 umquam
556 2625 585 2675 et
604 2634 694 2694 saepe
715 2615 841 2693 ingenue
857 2617 1009 2696 professus
1025 2624 1079 2674 est.

78 2695 181 2775 Itaque
195 2698 349 2758 corollaria
371 2707 400 2758 et
415 2700 542 2778 praemia
562 2701 590 2759 in
606 2699 707 2760 alienis
729 2717 844 2780 quoqne
859 2701 1024 2760 muneribus
1045 2715 1080 2757 ac

80 2781 154 2841 ludis
169 2789 198 2841 et
214 2781 316 2843 crebra
334 2791 362 2842 et
375 2783 494 2860 mandis
512 2782 547 2843 de
567 2801 620 2843 suo
646 2784 802 2861 offerebat,
825 2785 952 2862 nullique
967 2783 1080 2844 Graeco

49 2867 229 2926 mcertamini
244 2867 387 2944 interfuit,
403 2885 460 2947 quo
479 2886 536 2928 non
553 2885 606 2947 pro
619 2869 721 2928 merito
746 2886 888 2948 quemque
912 2865 1081 2926 certantium

81 2947 241 3010 honorarit.
275 2952 425 3031 spectavit
437 2960 531 3012 autem
547 2951 755 3012 studiosissime
777 2953 892 3031 pugiles
908 2959 938 3010 et
957 2950 1081 3010 maxime

81 3030 211 3110 Latinos,
237 3053 296 3095 non
317 3034 463 3112 legitimos
485 3046 570 3115 atque
592 3035 752 3096 ordinarios
772 3036 874 3112 modo,
897 3051 970 3112 quos
996 3033 1081 3092 etiam

84 3119 259 3178 committere
277 3137 339 3178 cum
358 3118 478 3180 Graecis
495 3119 625 3196 solebat,
650 3119 746 3180 sedet
763 3120 942 3180 cateruarios
960 3117 1080 3197 oppida·

82 3217 149 3279 nos,
165 3202 241 3262 inter
256 3204 402 3281 augustias
418 3205 547 3265 vicorum
569 3205 722 3283 pugnantis
743 3211 853 3264 temere
873 3221 908 3263 ac
928 3203 991 3262 sine
1008 3211 1079 3262 arte.

52 3281 252 3346 8⁵Universum
268 3286 389 3366 denique
407 3307 500 3366 genus
517 3305 623 3367 operas
643 3287 753 3367 aliquas
768 3286 887 3367 publico
909 3285 1080 3365 spectaculo

84 3369 279 3442 praebentium
300 3374 384 3432 etiam
407 3390 474 3433 cura
491 3391 543 3432 sua
560 3373 766 3450 dignatusest:
785 3370 901 3431 athletis
916 3380 945 3432 et
962 3388 1079 3432 conser-

84 3456 158 3514 varit
181 3455 337 3533 privilegia
359 3464 387 3516 et
408 3455 569 3535 ampliavit;
592 3455 771 3535 gladiatores
796 3457 858 3516 sine
877 3456 1016 3517 missione
1032 3454 1080 3515 edi

83 3536 242 3610 prohibuit;
269 3539 477 3601 coercitionem
508 3559 538 3599 m
563 3542 718 3602 histriones
744 3541 975 3620 magistratibus,
1003 3537 1079 3599 omni
