2392 3926
141 229 204 291 290
416 239 446 287 c.
469 240 633 288 suanorum
654 239 867 312 calnomum
949 279 953 288 .

142 415 205 458 mus
217 395 383 476 praelectus
398 393 476 454 urbis
491 395 584 454 lactus
596 402 680 455 sexto
696 396 742 455 die
756 396 926 472 magistratu
941 412 975 454 se
987 395 1151 474 abdicavit,

144 480 288 542 incivilem
310 486 484 558 potestatem
506 496 573 539 esse
595 488 763 540 contestans
785 496 815 538 a.
834 486 899 539 728.
916 484 993 538 729.
1011 523 1021 537 .
1041 525 1049 538 .
1073 480 1151 542 Ales·

144 566 205 626 sala
224 561 366 624 Corvinus
381 571 480 623 orator
496 571 560 623 ante
581 563 725 623 biennium
741 581 825 642 qnam
846 571 1010 622 moreretur
1032 567 1076 625 itu
1096 585 1150 624 me

141 649 260 709 moriam
273 655 301 706 et
316 664 430 707 sensum
447 647 555 724 amisit,
570 655 599 706 ut
613 649 663 706 vix
674 665 767 727 panca
780 646 1107 725 verba'coniungeret,
1125 659 1151 708 et

142 734 177 794 ad
200 740 354 791 extremum
372 730 473 791 ulcere
489 729 545 791 sibi
567 734 644 791 circa
660 749 771 812 sacram
786 733 897 810 spinam
916 739 984 791 nato
999 732 1105 794 inedia
1122 732 1180 796 ser?

143 815 271 877 coniecit
289 832 364 875 anno
381 815 483 876 aetatis
498 815 714 895 septuagesimo
731 815 823 876 altero
839 833 869 875 a.
888 822 1066 878 763-765.

207 900 242 975 Q.
258 899 391 960 llaterius
406 908 558 979 promptus
573 908 602 958 et
616 899 766 978 popularis
782 906 881 959 orator
895 916 987 977 usque
1002 901 1044 960 ad
1059 919 1150 962 nona-

141 987 282 1063 gesimum
297 1001 392 1063 prope
410 1000 511 1043 annum
526 985 555 1043 in
569 1000 680 1043 summo
695 983 807 1043 honore
823 984 1010 1042 consenescit
1027 1002 1061 1045 α.
1081 993 1150 1048 778.

204 1068 359 1129 Passienus
374 1077 459 1147 pater
474 1066 651 1127 declamator
667 1068 788 1144 insignis
803 1067 879 1127 diem
894 1065 966 1125 obiit
981 1084 1012 1126 o.
1032 1077 1108 1129 745.
1180 1139 1181 1154 χ

204 1151 359 1213 Passienus
375 1151 450 1211 lilius
466 1150 567 1212 fraude
583 1150 700 1211 heredis
718 1169 787 1211 suae
802 1159 922 1210 necatur
945 1167 976 1210 a.
991 1158 1060 1212 791.
1086 1152 1148 1213 Cri·
1159 1159 1181 1220 a}

142 1256 223 1317 spus,
237 1237 387 1315 municeps
396 1235 739 1311 Visellieneis,tirocinio
754 1253 807 1295 suo
820 1237 848 1294 in
861 1243 962 1294 senatu
974 1236 1013 1293 ita
1028 1239 1148 1316 coepit:
1180 1223 1181 1246 ¹

143 1320 254 1382 Patres
270 1319 439 1397 conscripti
455 1325 483 1379 et
501 1325 533 1379 tu
549 1316 688 1379 Cacsar!
702 1328 823 1397 propter
838 1317 916 1395 quod
931 1318 1067 1380 simulata
1086 1339 1148 1380 ora·

143 1407 223 1465 tione
239 1403 408 1482 plenissime
422 1422 439 1463 a
453 1402 571 1462 Tiberio
589 1402 776 1463 conlaudatus
791 1412 844 1463 est.
880 1401 1022 1463 Plurimae
1040 1415 1149 1482 sponte

146 1505 248 1549 causas
274 1487 349 1565 apud
372 1489 567 1547 centumviros
584 1490 659 1565 egit,
685 1504 739 1566 pro
760 1505 815 1564 qua
836 1504 868 1545 re
888 1487 916 1544 in
931 1484 1058 1547 basilica
1075 1488 1149 1548 Iulia
1181 1549 1182 1560 ,

144 1576 206 1632 eius
227 1579 319 1631 statua
343 1573 438 1649 posita
459 1580 513 1631 est.
542 1569 715 1631 Consulatus
737 1570 810 1630 duos
828 1570 930 1646 gessit.
959 1570 1082 1631 Uxores
1092 1572 1147 1632 ba·
1157 1595 1182 1636 rr

143 1656 204 1715 buit
219 1653 305 1731 duas,
324 1656 443 1733 primam
451 1653 619 1732 Domitiam,
635 1654 738 1714 deinde
750 1653 960 1733 Agrippinam,
977 1653 1059 1714 illam
1079 1661 1148 1717 arni·

144 1749 218 1814 tam,
246 1737 321 1800 banc
347 1747 466 1798 matrem
488 1737 613 1801 Neronis
635 1737 779 1799 Caesaris.
826 1737 961 1798 Possedit
981 1737 1028 1798 bie
1050 1741 1149 1801 milies

144 1822 315 1883 sestertium.
340 1819 468 1882 Omnium
482 1824 643 1903 principum
660 1826 781 1901 gratiam
793 1822 944 1902 adpetivit,
961 1823 1013 1882 sed
1030 1827 1148 1902 praeci·

144 1924 201 1988 pue
223 1904 256 1966 Ο.
276 1904 428 1983 (laeseris,
448 1925 531 1986 quem
552 1909 608 1967 iter
628 1907 782 1968 facientem
802 1915 919 1968 secutus
941 1915 986 1966 est
1006 1907 1146 1986 pedibus.
1182 1967 1183 1980 ,

143 1991 198 2052 llic
221 1989 300 2050 nullo
323 1989 455 2051 audiente
475 2010 491 2052 a
513 1990 631 2051 Nerone
654 1990 804 2070 [oportuit
824 1990 908 2069 Gaio]
933 1993 1183 2068 interrogatusa'

143 2076 300 2137 haberetne
327 2077 488 2154 sicutipse
515 2093 578 2134 cum
604 2093 709 2137 sorore
736 2092 873 2153 germana
896 2075 1145 2152 consuetudinem,

144 2158 277 2222 nondum
301 2159 402 2238 inquit,
435 2161 614 2239 quantumvis
636 2159 774 2219 decenter
794 2167 824 2218 et
839 2167 938 2235 cante,
963 2177 1001 2218 ne
1023 2169 1074 2219 aut
1097 2179 1146 2219 ne

145 2244 240 2323 gando
257 2261 321 2303 eum
342 2253 477 2322 argueret
497 2253 545 2304 aut
569 2242 756 2303 adsentiendo
779 2250 871 2302 semet
885 2242 1038 2318 mendacio
1053 2244 1146 2304 delno-

144 2335 280 2387 neatarct.
317 2326 407 2387 Periit
421 2345 474 2407 per
489 2327 616 2388 fraudem
631 2327 823 2406 Agrippinae,
847 2344 929 2405 quam
943 2326 1085 2389 heredem
1101 2347 1145 2387 re·

144 2409 286 2489 liquerat,
308 2420 337 2470 et
359 2412 460 2471 iuncre
476 2407 593 2492 publico
615 2412 708 2472 elatus
724 2421 778 2470 est.
793 2408 923 2472 Scbolr'c
937 2409 1176 2472 adducerentur

146 2502 240 2568 4,81.

208 2576 241 2638 G.
268 2577 383 2637 Asinius
412 2577 527 2656 Gallus,
560 2580 652 2639 Asinii
673 2577 815 2638 Pollionis
839 2579 929 2655 lilius,
959 2580 1041 2640 cuins
1056 2581 1148 2640 etiarn

147 2661 285 2740 Virgilius
300 2663 439 2739 meminit,
456 2663 523 2722 diris
538 2681 554 2723 a
572 2663 691 2724 Tiberio
706 2663 856 2741 suppliciis
871 2671 991 2724 necatur
1005 2680 1037 2722 a.
1053 2672 1126 2725 767.

210 2746 328 2807 Cassius
351 2748 478 2807 Severus
499 2757 598 2808 orator
619 2747 773 2824 egregius,
801 2748 849 2825 qui
866 2746 1048 2822 Quintianum
1072 2746 1148 2808 illud

145 2830 459 2909 proverbiumluserat,
475 2833 617 2909 vigesimo
634 2832 732 2909 quinto
748 2830 827 2890 exilii
843 2833 885 2890 sui
900 2849 974 2892 anno
989 2833 1019 2890 in
1033 2849 1179 2892 summare

148 2917 247 2995 inopia
263 2917 400 2990 moritur,
415 2917 466 2975 vix
481 2934 576 2995 panno
592 2914 718 2976 verenda
735 2923 885 2974 contectus
904 2933 934 2975 o.
954 2923 1133 2976 785—787.

211 3001 354 3060 Votienus
369 2998 521 3060 Montanus
536 2999 734 3061 Narbonensis
751 3006 850 3058 orator
866 3002 895 3059 in
911 2998 1085 3060 Balearibus
1105 3003 1149 3059 in-

149 3082 220 3144 sulis
237 3085 369 3160 moritur,
385 3100 401 3142 a
416 3083 535 3144 Tiberio
551 3085 620 3145 illuc
635 3083 783 3160 relegatus
800 3099 829 3142 a.
848 3091 914 3146 780.
931 3091 995 3144 781.

208 3165 349 3227 Domitius
367 3166 440 3227 Afer
458 3166 663 3230 Nemausensis
686 3168 782 3227 clarus
811 3176 910 3228 orator
924 3165 1063 3244 habetur,
1100 3173 1151 3248 qui

148 3259 251 3325 postea
271 3250 388 3310 Nerone
406 3261 549 3329 regnante
567 3271 605 3312 ex
624 3251 681 3312 cibi
700 3249 871 3311 abundantia
890 3252 919 3311 in
941 3269 1031 3312 caena
1054 3259 1177 3314 mori-a

147 3337 191 3386 un
206 3346 236 3388 a.
254 3339 318 3392 797.
338 3341 401 3392 roa.
559 3393 563 3402 ,
975 3335 980 3344 ·

214 3425 291 3484 Libri,
308 3431 351 3490 qui
363 3440 416 3480 erat
428 3434 466 3483 de
483 3434 607 3498 Poetis,
618 3435 645 3483 in
659 3437 789 3499 prooemio
801 3437 853 3503 legi
866 3439 947 3503 potuit
956 3437 1021 3487 hoe:

210 3487 318 3550 Poetae
333 3496 406 3554 unde
422 3500 477 3557 sint
491 3500 575 3575 dicti,
591 3502 634 3560 sic
651 3504 690 3562 ait
703 3502 897 3583 Tranquillus.
934 3504 1004 3566 Gum
1020 3508 1150 3584 primum
