2468 3912
123 247 165 306 24
209 255 239 302 c.
255 253 404 302 sacroru
424 250 552 310 rauna.
567 249 615 294 ou
631 249 714 295 vrrs
729 247 913 295 cassanum
929 246 997 292 erc.
1013 247 1035 290 1.

124 413 266 472 rationem
289 408 402 468 dicendi
424 416 543 484 tenere,
567 414 596 464 et
617 405 652 465 ad
668 403 833 464 Cornelium
849 402 995 480 Nepotem
1015 401 1050 462 de
1072 422 1128 463 eo·

127 498 191 558 dem
211 496 250 553 ita
267 494 399 570 scripsit:
429 489 531 564 Ostia?
558 496 717 550 oratorum
741 505 828 566 quern
855 486 926 546 baio
955 493 1129 564 antepones

127 596 247 653 eornm,
278 574 417 655 qnim'bii
430 574 518 634 alind
532 576 678 652 eperunt?
709 573 777 651 quis
791 570 949 631 sententiis
970 577 1025 630 cat
1047 589 1128 632 aca-

127 664 189 725 tior
206 667 261 722 aat
280 658 442 720 crebrior?
471 659 539 737 qais
558 655 662 716 ambis
682 662 737 716 ant
758 655 901 716 ornatior
922 659 976 714 aat
1000 654 1124 732 slepan-
1208 643 1219 704 l

127 749 210 808 tior?
237 744 333 805 Genus
353 743 536 822 eloquentiae
560 741 625 801 dum
647 750 725 801 taxat
742 739 913 800 adulescens
935 737 1027 798 adhuc
1043 739 1123 801 Stra·
1135 761 1151 799 s

127 832 211 891 bonis
241 827 375 889 Caesaris
407 834 524 886 secutus
542 826 668 902 videtur,
698 826 777 884 cuius
801 827 887 883 etiam
914 841 952 881 ex
979 823 1125 900 oratione,

128 933 201 994 quae
219 911 385 971 inscribitur
398 929 457 989 pro
471 908 600 986 Sardis,
630 909 665 968 ad
687 907 806 968 verbum
826 906 962 966 nonnulla
981 907 1126 967 transtulit
1218 961 1219 972 ,

128 1002 156 1058 iu
175 997 378 1056 divinationem
392 1013 480 1055 suam.
503 994 707 1054 Pronuntiasse
719 1001 813 1051 autem
827 991 930 1052 dicitur
942 1007 1018 1050 voce
1029 999 1125 1068 acuta,

128 1082 240 1142 ardenti
261 1090 339 1140 motu
360 1089 519 1158 gestuque,
541 1095 598 1138 non
619 1079 681 1136 sine
703 1085 864 1136 venustate.
900 1072 1052 1134 Orationes
1072 1074 1125 1134 ali-

128 1185 198 1245 quas
218 1165 352 1243 reliquit,
378 1167 454 1223 inter
481 1180 551 1240 quas
579 1171 688 1220 temere
716 1160 855 1238 quaedam
884 1159 1023 1218 feruutur.
1060 1157 1125 1219 Pro
1138 1173 1163 1215 m

129 1249 241 1325 Quinto
262 1247 383 1310 Hetello
403 1266 461 1307 uon
483 1247 624 1305 immerito
644 1244 793 1322 Augustus
814 1245 958 1303 existimat
979 1245 1071 1320 magis
1087 1242 1128 1302 ab

128 1337 253 1396 actuaris
270 1341 422 1412 exceptam
437 1330 510 1391 male
527 1329 769 1408 subsequentibus
782 1327 872 1388 verba
890 1327 1023 1404 dicentis,
1040 1344 1126 1406 quam
1218 1377 1219 1388 ,

129 1419 163 1480 ab
180 1421 245 1497 ipso
261 1417 378 1482 editam:
402 1433 466 1474 nam
487 1417 516 1473 in
531 1413 698 1494 quibusdam
721 1411 935 1491 exemplaribus
949 1413 1064 1470 invenio
1087 1429 1126 1470 ne
1218 1389 1219 1474 l

128 1504 295 1580 inscriptam
311 1499 424 1578 quidem
436 1516 496 1575 pro
512 1497 649 1574 Heteilo,
677 1497 729 1557 sed
744 1515 836 1576 qaam
849 1496 976 1573 scripsit
990 1493 1123 1571 Metello,
1215 1495 1219 1540 t

130 1603 193 1645 cum
222 1603 259 1643 ex
285 1600 412 1662 persona
440 1580 575 1642 Caesaris
603 1599 699 1641 sermo
727 1583 764 1640 sit
788 1579 936 1642 Metellum
962 1598 1054 1658 seque
1075 1577 1123 1639 ad·
1134 1597 1161 1636 ss

129 1686 231 1727 versus
263 1669 451 1725 communium
481 1665 708 1725 obtrectatorum
730 1666 942 1724 criminationes
963 1664 1123 1742 purgantis.
1218 1711 1219 1722 ,

128 1749 224 1828 Apud
237 1751 349 1810 milites
365 1767 479 1828 quoque
496 1751 529 1808 in
541 1749 699 1826 Hispania
713 1748 789 1808 idem
804 1749 952 1825 Augustus
968 1749 1017 1806 vix
1033 1749 1124 1826 ipsius

130 1843 224 1916 putat,
248 1852 320 1913 quae
343 1843 436 1894 tamen
459 1833 568 1912 duplex
585 1834 693 1892 fertur:
722 1851 776 1893 una
799 1834 880 1911 quasi
906 1834 1004 1910 priore
1028 1831 1125 1891 habita
1218 1863 1219 1956 q

129 1918 261 1998 proelio,
287 1918 378 1978 altera
406 1919 590 1996 posteriore,
614 1934 671 1996 quo
697 1917 814 1976 Asinius
835 1915 930 1977 Pollio
954 1935 991 1975 ne
1012 1925 1125 1994 tempus
1218 1969 1219 1974 ,

15 2020 18 2036 ’
129 2002 244 2083 quidem
271 2001 453 2062 contionandi
475 2001 610 2062 habuisse
633 2020 697 2060 eum
726 2001 796 2062 dicit
824 1999 916 2060 subita
936 1999 1061 2060 hostium
1082 2002 1161 2058 in-ao

87 2089 277 2154 sacursione.
312 2087 441 2165 Reliquit
467 2095 497 2146 et
516 2105 611 2146 rerum
636 2104 749 2146 suarum
776 2086 997 2146 commentarios
1022 2083 1124 2145 Gallici

130 2172 281 2251 civilisque
302 2170 372 2231 belli
395 2171 572 2250 Pompeiani.
607 2169 680 2230 Nam
701 2170 889 2231 Alexandrini
918 2168 1069 2248 Africique
1095 2177 1127 2227 et

127 2256 325 2335 Hispaniensis
346 2258 474 2315 incertus
496 2265 598 2315 auctor
622 2264 682 2314 est:
714 2255 761 2314 alii
785 2253 910 2333 Oppium
937 2261 1053 2332 putant,
1076 2252 1126 2312 alii

127 2340 247 2399 Hirtium
270 2341 317 2418 qui
340 2342 424 2398 etiam
445 2338 548 2400 Gallici
569 2339 638 2398 belli
659 2340 845 2397 novissimum
866 2336 1126 2416 imperfectumque

129 2422 231 2482 librum
259 2423 449 2502 suppleverit.
488 2421 533 2483 De
558 2425 768 2482 commentariis
796 2421 930 2482 Caesaris
960 2418 1066 2480 Cicero
1095 2422 1161 2480 inas

130 2505 233 2565 eodem
249 2504 337 2566 Bruto
358 2509 401 2566 sic
416 2507 523 2568 refert:
546 2505 789 2568 Commentarios
801 2505 930 2584 scripsit
947 2504 1040 2565 vaide
1058 2505 1124 2583 qni·

130 2590 198 2650 dem
214 2589 414 2668 probandos:
444 2590 521 2651 andi
547 2598 634 2668 ment,
664 2590 944 2664 revirescerent,
971 2590 1053 2650 omni
1073 2607 1123 2648 or·
1218 2601 1219 2648 t

128 2681 205 2737 nata
224 2673 376 2734 orationis
396 2680 549 2753 tamqnam
569 2683 652 2736 ceste
672 2674 834 2745 detracta·
861 2674 919 2734 sed
938 2672 1009 2732 dnm
1029 2671 1127 2732 ooiait

130 2759 212 2819 alios
224 2757 340 2818 babae
356 2765 492 2836 parata,
520 2759 602 2819 ande
614 2767 768 2821 sumerent
786 2760 839 2838 qni
857 2759 969 2820 veilent
986 2756 1126 2818 scribere

128 2842 306 2916 bistoriam,
340 2843 452 2920 ineptis
468 2850 591 2922 pratum
615 2843 756 2922 fortasse
782 2843 857 2921 fecit
876 2841 930 2923 qni
947 2840 1004 2902 iila
1023 2840 1162 2906 colentes
1218 2879 1219 2918 p

129 2927 318 2987 calamistris
337 2926 478 3003 inarare,
500 2945 597 2988 sanos
617 2929 737 3007 quidem
762 2927 898 2988 domines
919 2943 940 2984 a
960 2923 1125 2986 scribendo
1218 2983 1219 3020 q

129 3011 285 3071 deterruit.
329 3011 373 3071 De
400 3009 491 3070 isdem
522 3015 732 3072 commentariis
760 3012 867 3072 Hirtius
896 3013 935 3070 ita
960 3009 1124 3088 praedicat:

128 3093 213 3157 rideo
227 3094 401 3171 probantur
414 3095 546 3156 omnium
560 3096 690 3170 indicio,
709 3103 743 3156 at
753 3102 936 3173 praerepta,
955 3112 1018 3154 non
1029 3111 1123 3171 prae·
1214 3115 1219 3176 t

129 3176 192 3237 bita
216 3179 356 3254 [acuitas
391 3179 599 3258 scriptoribus
622 3180 775 3240 videatur.
788 3173 915 3240 (Gaias
949 3185 1051 3238 tamen
1079 3176 1149 3237 rei·
1173 3183 1219 3266 'tq

128 3261 229 3321 maior
242 3271 351 3324 nostra
363 3281 454 3342 qaam
464 3264 653 3343 reliquorum
668 3271 714 3324 est
728 3264 910 3333 admiratio,·
927 3262 1022 3323 ceteri
1035 3261 1123 3338 enim,
1133 3285 1159 3328 ss
1170 3267 1202 3304 a*

129 3343 307 3423 quambene
321 3355 412 3427 atque
430 3348 619 3429 emendate>
631 3366 689 3408 nos
710 3348 816 3424 etiam,
847 3365 939 3429 qnam
955 3346 1054 3424 facile
1077 3352 1123 3406 at·
1168 3353 1199 3392 ²¹

129 3446 187 3508 qne
212 3427 351 3489 celeriter
381 3449 434 3492 eos
459 3432 695 3511 perscripserit,
722 3432 847 3492 scimus.
881 3431 977 3492 Pollio
1007 3429 1125 3490 Asinius

127 3529 228 3592 parum
244 3511 398 3589 diligenter
416 3535 573 3596 parumque
598 3519 712 3594 integra
732 3518 855 3576 veritate
876 3516 1056 3593 compositos
1074 3532 1123 3592 pu·
1216 3521 1219 3558 t
