2434 3908
214 253 263 306 laX
550 257 757 334 Pmammarm.

277 415 333 472 lum
352 415 462 472 collatis
486 415 558 471 inter
580 416 711 473 selibris
733 415 825 472 indice
844 418 890 472 vel
912 413 1049 487 praeditis
1070 417 1115 476 uel

215 499 356 558 destitutis
372 500 396 555 si
415 499 477 571 quis
492 499 666 570 inquisierit,
687 500 741 556 utri
764 501 920 557 universam
935 498 1116 571 scriptionem

215 584 325 640 fidelius
342 591 369 640 et
383 583 521 654 integrius
533 585 667 654 referent,
683 587 734 641 hos
749 584 924 656 posteriores
940 581 1033 640 multis
1043 583 1115 641 locis

213 669 339 741 reperiet
352 668 458 741 pariter
474 684 568 724 omnes
584 675 731 741 corruptos
752 670 807 738 ita,
831 674 860 724 ut
875 667 1036 724 necessario
1052 684 1115 723 cor-

213 752 271 824 rigi
293 753 413 808 debeant
438 757 466 806 ot
493 753 654 824 plerunque
679 753 787 825 possint
807 769 843 808 ex
868 750 1028 825 prioribus,
1050 751 1117 807 illos

215 852 295 906 vero,
308 836 361 893 etsi
374 853 428 893 non
446 835 634 908 incorruptos,
648 842 677 893 ut
690 843 744 892 tarn
760 836 894 906 egregios
908 840 1071 905 cognoscet,
1086 839 1117 888 nt

216 919 365 976 exalteris
383 926 460 974 certe
479 921 584 990 corrigi
605 920 714 993 possint
727 915 916 994 nnsquum³⁷).
961 917 1116 988 Distingui-

216 1007 275 1058 nuis
291 1003 378 1073 igitur
392 1004 446 1059 duo
467 1003 599 1060 librorum
619 1021 738 1073 genere,
756 1020 870 1075 quorum
891 1005 1006 1060 alterum
1022 1002 1117 1057 indice

215 1088 340 1160 praefixo
356 1087 478 1143 notabile
490 1087 604 1143 codices
617 1088 766 1144 Vaticanus
782 1095 850 1148 1518
864 1092 892 1143 et
908 1091 986 1156 1862,
1000 1085 1116 1141 leiden-

215 1187 290 1241 sem,
318 1170 483 1236 Gufflennm,
507 1171 732 1244 Neapolitanum,
759 1179 908 1243 practerea
930 1169 1115 1226 Florentinum

217 1255 368 1312 editionem
382 1255 575 1328 complectitur
595 1255 730 1326 simulque
746 1253 854 1311 interna
873 1271 923 1310 sua
944 1252 1116 1327 praestantia

216 1341 438 1408 commendatur,
459 1341 574 1395 alterum
595 1339 683 1396 libros
705 1341 848 1394 continens
863 1337 1024 1396 Vaticanum
1037 1342 1117 1407 4498,

214 1423 419 1491 Florentinum,
433 1422 582 1491 Venetum,
597 1422 824 1492 berolinensem,
839 1421 1024 1491 llarleianum,
1040 1419 1117 1474 Pari-

216 1507 305 1563 sinunt
323 1523 384 1561 cum
396 1505 564 1562 editionibus
576 1506 683 1564 lncerta
698 1507 846 1563 ccVenetu
863 1524 887 1564 a.
902 1511 970 1566 1474
986 1511 1014 1561 et
1024 1503 1118 1560 iudico

218 1597 295 1646 caret
312 1596 340 1644 et
361 1588 535 1645 auctoritato.
578 1589 613 1646 Et
631 1590 751 1646 indicem
766 1592 875 1662 quidem
891 1607 942 1662 por
960 1606 990 1645 se
1006 1594 1118 1660 specta·
1203 1652 1204 1664 χ

216 1677 272 1729 tuna
288 1674 323 1729 ud
336 1673 470 1730 librorum
484 1673 635 1730 bonitatem
650 1674 717 1728 nibil
735 1673 840 1744 iacere,
854 1674 1014 1731 Florentino
1029 1673 1117 1729 editio
1199 1684 1204 1703 “

217 1763 247 1813 et
263 1756 414 1813 Vaticanus
432 1757 505 1814 liber
520 1762 589 1817 4498
610 1758 792 1828 convincunt,
820 1775 935 1829 quorum
954 1758 1003 1812 illa
1024 1755 1118 1813 indice
1199 1734 1204 1775 ¹

217 1858 317 1897 cereus
331 1840 441 1897 meliori
457 1841 588 1897 librorum
604 1840 719 1912 generi,
739 1842 785 1897 hic
799 1842 892 1898 indice
909 1840 1052 1914 praeditus
1068 1840 1117 1894 de·
1199 1906 1204 1919 Ι

216 1925 317 1981 teriori
341 1923 525 1995 assignandus
550 1925 609 1980 luit.
654 1924 711 1981 Sed
736 1925 847 1982 lucilius
873 1928 927 1982 hoc
956 1929 1121 1994 argumento
1198 1932 1204 1993 ξ

214 2009 268 2065 tibi
298 2010 498 2082 persuadebis,
530 2009 686 2065 deteriores
716 2009 805 2066 libros
840 2007 935 2066 omnes
965 2024 1000 2062 ex
1024 2003 1118 2078 aliquo
1204 2001 1205 2077 j

217 2094 345 2166 exemplo
360 2093 484 2150 melioris
500 2094 613 2164 generis
629 2093 682 2149 ianr
698 2094 766 2149 satis
779 2095 941 2166 depravato,
957 2090 1047 2162 qualis
1061 2091 1119 2146 Va·
1204 2099 1205 2113 ³

216 2177 323 2234 tiouuus
341 2183 484 2248 esseest,
504 2178 576 2233 facta
591 2178 705 2250 insuper
725 2177 825 2234 indicis
844 2177 966 2244 iactura,
989 2191 1052 2230 esse
1068 2163 1119 2229 de'-
1202 2202 1206 2250 ¹,

215 2268 344 2401 ssvalloesru
359 2350 388 2399 ut
407 2346 492 2415 paulo
507 2345 669 2415 diligentius
688 2317 822 2417 exemplis
845 2345 1031 2411 illustremus,
1051 2339 1122 2398 libri·
1208 2399 1209 2404 ,

217 2427 407 2484 Berolinensis
422 2427 585 2484 Harleiauus
601 2428 751 2500 Parisinus,
765 2431 886 2500 itemque
902 2427 955 2483 nisi
972 2425 1119 2483 lallorVa-

218 2511 326 2566 ticauus
343 2515 412 2571 4498
435 2518 462 2565 et
482 2511 673 2582 Florentium,
694 2519 834 2586 postremo
850 2512 957 2567 Veneta
979 2507 1065 2566 editio
1085 2523 1121 2563 ac

218 2609 380 2667 puerumque
395 2587 545 2669 lncertaoe)
561 2596 697 2652 vocabula
718 2598 845 2652 omittunt
859 2596 959 2651 scilicet
978 2612 1006 2667 p.
1021 2597 1084 2661 257,
1102 2599 1123 2652 3
1203 2624 1209 2648 ι

220 2686 247 2734 et
264 2683 325 2748 269,
345 2683 393 2742 15;
411 2679 449 2733 ito
464 2696 491 2751 p.
507 2683 569 2747 264,
583 2685 632 2744 2ος
650 2695 680 2734 eo
696 2698 723 2753 p.
740 2687 802 2751 265,
815 2686 865 2745 23;
880 2693 950 2750 quoe
964 2677 1121 2750 ρ.268,17;

219 2767 350 2834 corrupto
364 2763 502 2832 praebent
519 2781 546 2834 p.
560 2769 622 2831 263,
637 2770 669 2823 15
684 2764 907 2837 inperfectum,
926 2767 960 2821 26
973 2763 1122 2831 praesente

216 2849 297 2916 scire,
314 2853 346 2906 31
361 2844 499 2907 habuero:
521 2865 548 2918 p.
566 2851 632 2916 264,
652 2853 686 2907 30
708 2848 827 2903 liberalis
850 2847 991 2918 antiquum
1010 2861 1037 2916 p.
1056 2846 1123 2912 265,

287 3078 331 3142 37)
350 3078 415 3128 Nam
436 3093 462 3143 p.
480 3078 545 3139 271,
565 3079 598 3127 14
613 3080 735 3140 incipere,
759 3079 826 3143 quod
844 3077 914 3130 solus
930 3075 1059 3124 Parisinus
1079 3089 1124 3122 co-
1208 3108 1209 3114 .

220 3146 270 3196 dex
284 3147 360 3197 babet
377 3161 424 3212 pro
441 3147 467 3194 in
488 3161 576 3209 opere,
604 3145 673 3197 ielioi
691 3147 847 3198 coniecturae
868 3145 954 3196 deberi
972 3140 1125 3192 Harleianus

219 3223 305 3278 operte
328 3216 491 3267 demonstrat.
529 3214 633 3266 Obstore
655 3215 754 3265 videtur
777 3216 847 3268 locus
869 3232 895 3281 p.
922 3211 989 3273 270,
1019 3208 1053 3262 tt
1078 3209 1124 3258 ubi

219 3281 290 3334 Leid.
309 3282 372 3334 Gud.
391 3284 423 3334 ed
429 3283 494 3334 Flor.
511 3301 528 3333 a
541 3284 569 3336 0.
581 3283 674 3333 hubent
685 3298 730 3350 pro
749 3284 801 3344 ab,-
818 3284 890 3348 etqui
904 3283 935 3332 de
949 3278 1080 3331 Vaticanis
1099 3285 1125 3326 et

219 3347 383 3416 Neapolitano
401 3353 514 3404 noudum
534 3359 638 3403 constat.

288 3451 332 3517 38)
351 3453 454 3505 Duobus
472 3453 599 3505 codicibus
617 3453 640 3503 is
659 3454 701 3518 qul
723 3457 845 3505 Incertam
868 3424 1004 3504 edilibuem
1021 3447 1125 3517 percult

219 3535 282 3571 usus
300 3537 357 3571 esse
373 3523 479 3574 videtur.
803 3525 805 3540 '
