2468 3912
292 657 336 743 O.
368 657 605 744 SUETONI
633 657 971 746 TRANQUILLI

45 800 47 805 ’
159 841 276 942 ou
328 841 558 944 unuu
613 838 1126 963 consonum
1225 965 1226 1010 ,

537 1032 673 1100 nosne
691 1033 755 1099 111.
1217 1037 1226 1130 t,

484 1193 803 1271 stomata&

568 1385 716 1394 ι*-

119 1559 130 1610 1
207 1545 329 1606 Patricia
349 1562 423 1622 gens
439 1541 556 1604 claudia
576 1543 645 1622 (fuit
659 1543 733 1606 enim
749 1552 778 1604 et
792 1545 847 1606 alia
862 1542 992 1624 plebeia,
1014 1562 1070 1604 nec
1085 1563 1138 1626 po·
1165 1577 1178 1616 ⁵

146 1631 232 1690 tentia
253 1630 344 1689 minor
365 1645 421 1688 nec
436 1627 590 1705 dignitate)
614 1637 676 1688 orta
692 1636 736 1688 est
751 1647 789 1688 ex
802 1626 942 1706 Regillis,
963 1628 1073 1708 oppido
1089 1631 1140 1692 Sa·

146 1714 285 1774 binorum.
305 1712 376 1774 Inde
390 1712 510 1773 Romam
524 1730 628 1772 recens
644 1711 787 1772 conditam
800 1730 862 1772 cum
875 1730 978 1790 magna
994 1713 1142 1776 clientium

145 1816 228 1859 manu
243 1798 446 1875 conmigrauit,
467 1805 586 1857 auctore
602 1795 666 1856 Tito
684 1795 766 1856 Tatio
784 1805 921 1858 consorte
936 1796 1067 1876 Romuli,
1081 1801 1141 1878 vel,
1224 1801 1226 1872 ἶ

146 1881 222 1964 quod
235 1883 327 1962 magis
343 1888 465 1958 constat,
481 1879 549 1942 Atta
564 1879 683 1941 Claudio
698 1882 794 1958 gentis
810 1881 953 1961 principe,
969 1889 1036 1961 post
1052 1901 1141 1962 reges
1225 1881 1226 1884 ’

145 1977 266 2029 exactos
286 1975 369 2027 sexto
388 1966 453 2026 fere
471 1983 561 2034 anno:
578 1974 663 2044 atque
680 1967 709 2025 in
726 1966 861 2046 patricias
880 1973 1026 2044 cooptata,
1038 1984 1139 2046 agrum
1150 1991 1178 2032 uo
1225 1987 1226 2016 ὲ

144 2053 263 2134 iusuper
274 2060 351 2113 trans
363 2049 504 2110 Anienem
517 2049 668 2110 clientibus
679 2049 831 2130 locumque
843 2049 897 2110 sibi
913 2047 948 2110 ad
964 2050 1142 2129 sepulturam

145 2137 198 2198 sub
215 2136 359 2219 Capitolio
373 2135 489 2215 publice
505 2135 629 2213 accepit.
655 2133 803 2213 Deinceps
814 2132 995 2215 procedente
1007 2142 1141 2216 tempore

146 2221 358 2298 duodetriginta
371 2219 547 2296 consulatus,
556 2217 710 2280 dictaturas
722 2220 857 2300 quinque,
867 2237 1004 2280 censuras
1017 2227 1141 2300 septem,

145 2304 302 2383 triumphos
320 2322 392 2380 sex,
413 2302 482 2364 duas
497 2303 648 2364 ovationes
662 2303 767 2382 adepta
780 2311 834 2363 est.
866 2301 937 2363 Cum
949 2304 1141 2383 praenomini-
1224 2291 1226 2318 ¹

146 2385 199 2446 bus
214 2386 488 2466 cognominibusque
508 2388 596 2448 variis
616 2386 854 2464 distingueretur,
874 2386 943 2448 Luci
963 2406 1141 2467 praenomen
1153 2405 1180 2448 ιι

148 2486 291 2531 consensu
306 2469 482 2551 repudiavit,
505 2481 656 2552 postquam
673 2489 689 2532 e
708 2471 818 2532 duobus
832 2471 987 2550 gentilibus
1003 2472 1142 2554 praeditis

148 2570 183 2614 eo
203 2553 277 2614 alter
293 2553 454 2632 latrocinii,
477 2555 575 2616 caedis
596 2555 669 2617 alter
685 2557 836 2618 convictus
852 2565 906 2618 est.
936 2554 1016 2618 luter
1032 2574 1141 2634 cogno-

144 2639 219 2700 mina
236 2647 329 2700 autem
343 2647 371 2699 et
386 2637 511 2700 Neronis
526 2640 694 2720 assumpsit,
715 2657 772 2720 ouo
787 2641 963 2719 significatur
978 2640 1075 2718 lingua
1090 2641 1141 2702 Sa·

145 2723 212 2785 bina
226 2723 310 2784 lortis
325 2741 360 2783 ac
375 2731 516 2784 strenuus.

119 2823 137 2878 a
205 2805 295 2870 lllulta
311 2807 463 2868 multorum
480 2807 661 2870 Claudiorum
675 2810 798 2888 egregia
811 2809 926 2887 merita,
951 2807 1038 2870 multa
1055 2809 1141 2870 etiam
1151 2825 1181 2868 ao

146 2895 263 2974 sequius
284 2892 407 2954 admissa
420 2894 449 2952 in
465 2911 525 2954 rem
541 2912 569 2972 p.
585 2903 692 2954 extant.
723 2892 782 2954 Sed
797 2902 827 2953 ut
842 2892 1000 2974 praecipua
1016 2909 1140 2958 comme·
1225 2951 1226 2970 ,

144 2995 271 3056 morem,
286 2976 399 3057 Appius
415 2976 526 3040 Caecus
541 2979 710 3039 societatem
726 2996 789 3038 cnm
803 2996 876 3055 rege
891 2977 982 3052 Pyrro
997 2985 1027 3036 ut
1041 2994 1142 3056 parum

146 3062 289 3123 salubrem
304 3063 368 3122 iniri
383 3060 526 3124 dissuasit.
555 3061 688 3125 Claudius
701 3061 819 3124 Caudex
835 3063 941 3142 primus
957 3062 1033 3122 ireto
1046 3059 1142 3122 classe

146 3147 267 3207 traiecto
288 3146 404 3208 Poenos
424 3147 523 3208 Sicilia
543 3148 662 3227 expulit.
695 3146 759 3208 Tib.
779 3145 860 3208 Nero
883 3145 1082 3208 advenientem
1103 3163 1142 3206 ex

146 3226 284 3307 llispania
310 3249 373 3291 cum
397 3231 561 3310 ingentibus
586 3232 678 3312 copiis
700 3229 924 3308 Hasdrubalem,
952 3231 1031 3309 prius
1056 3247 1181 3310 quamn

146 3309 282 3371 Annibali
302 3313 382 3374 iratri
406 3318 643 3394 coniungeretur,
675 3316 831 3395 oppressit.
874 3314 983 3376 Contra
1006 3312 1141 3376 claudius
1178 3311 1183 3320 ’

146 3393 339 3474 Regillianus,
354 3397 501 3460 decemvir
514 3399 630 3478 legibus
644 3397 816 3476 scribendis,
831 3399 973 3476 virginem
988 3400 1142 3476 ingenuam

148 3493 202 3557 per
217 3476 274 3536 vnn
288 3476 413 3542 libidinis
427 3484 520 3560 gratia
533 3483 563 3543 in
578 3483 745 3543 servitutem
758 3500 891 3543 asserere
909 3490 1038 3561 conatus,
1054 3499 1142 3543 causa
1219 3525 1226 3560 ,
