2468 3912
490 245 594 294 ortus
610 245 736 295 tomus.
1074 236 1113 295 15

180 400 250 462 Gom
273 416 345 478 ergo
367 399 509 461 sublatam
526 400 702 482 tribunorum
718 399 956 460 intercessionem
975 401 1115 480 ipsosque
1122 411 1153 464 at

116 485 188 548 urbe
200 485 327 546 cessisse
340 485 495 546 nuntiatum
508 494 564 562 est,
580 485 746 564 praemissis
759 484 911 544 confestim
924 485 997 544 clam
1010 484 1112 544 cobor-

115 571 206 647 tibus,
226 587 263 628 ne
282 585 338 646 qua
353 569 480 647 suspicio
496 576 675 646 moveretur,
693 578 722 628 et
737 568 907 648 spectaculo
924 567 1041 647 publico
1060 587 1114 646 per

116 652 371 716 dissimulationem
387 652 514 712 interfuit
529 662 557 713 et
571 653 705 730 formam,
726 669 781 731 qua
801 652 896 712 ludum
912 652 1113 730 gladiatorium

95 747 181 803 uarat
191 736 402 814 aedificaturus,
419 736 612 797 consideravit
624 746 653 796 et
665 755 703 796 ex
715 734 920 796 consuetudine
933 736 1067 796 convitio
1080 755 1113 796 se

115 822 260 900 frequenti
281 819 367 879 dedit.
409 819 483 880 Dein
501 828 568 900 post
586 820 658 880 solis
673 836 825 896 occasum,
847 820 930 880 mulis
946 838 963 879 e
980 822 1112 898 proximo

117 906 237 987 pistrino
255 903 291 963 ad
306 903 468 965 vehiculum
482 906 601 982 iunctis,
623 903 845 964 occultissimum
860 905 915 963 iter
933 904 1046 964 modico
1064 922 1111 964 co·

116 991 214 1051 mitatu
233 989 383 1066 ingressus
400 997 458 1057 est;
481 999 514 1050 et
535 1007 597 1048 cum
619 987 771 1048 luminibus
788 988 920 1048 extinctis
935 987 1113 1048 decessisset

116 1076 179 1150 via,
203 1072 250 1132 diu
273 1071 465 1150 errabundus,
488 1071 601 1133 tandem
626 1072 662 1134 ad
686 1071 780 1132 lucem
803 1071 877 1131 duce
900 1080 1035 1150 reperto,
1059 1090 1112 1150 per

84 1174 108 1220 to
118 1157 337 1235 angustissimos
353 1158 481 1218 tramites
497 1155 618 1236 podibus
634 1157 742 1225 evasit;
761 1164 991 1234 consecutusque
1008 1155 1111 1216 cobor-

117 1243 154 1302 tis
168 1241 203 1302 ad
216 1241 395 1302 Rubiconem
409 1240 528 1318 flumen,
545 1242 592 1320 qui
607 1240 775 1320 provinciae
791 1240 853 1299 eius
869 1239 933 1298 linis
949 1249 1028 1316 erat,
1044 1257 1111 1318 pau-

1 1329 3 1374 t
116 1326 174 1386 lum
193 1325 334 1402 constitit,
356 1343 391 1384 ac
411 1333 549 1404 reputans
565 1333 699 1403 quantum
714 1323 878 1400 moliretur,
902 1340 1060 1384 conversus
1077 1323 1113 1384 ad

117 1411 266 1489 proximos
288 1406 392 1470 Etiam
413 1427 493 1470 ncnc
518 1410 608 1486 inquit
633 1406 757 1488 reprcda'
772 1425 959 1486 possumus,-
980 1407 1063 1487 quod
1084 1407 1114 1467 si

113 1493 303 1572 ponticulum
334 1493 565 1569 manserimus,
600 1493 702 1553 omnio
733 1493 829 1552 armis
861 1491 983 1571 spendo
1014 1499 1110 1552 erunt.

80 1599 105 1641 ts
117 1576 269 1638 Cunctanti
286 1585 427 1636 ostentum
448 1577 505 1637 tale
520 1576 625 1637 facturn
643 1585 696 1636 est.
740 1577 861 1653 Quidam
882 1577 985 1636 eximia
1006 1577 1154 1654 magni-32

117 1662 214 1722 tudine
231 1669 260 1719 et
279 1659 372 1721 forma
388 1662 416 1720 in
436 1663 568 1740 proximo
584 1659 689 1721 sedens
703 1670 825 1741 repente
841 1661 987 1740 apparuit,
1009 1659 1111 1720 barun-

117 1747 183 1806 dine
200 1761 321 1813 canens;
344 1743 379 1804 ad
400 1763 484 1824 quem
500 1745 666 1805 audiendum
683 1763 746 1805 cum
762 1754 879 1824 praeter
895 1753 1029 1823 pastores
1050 1744 1111 1824 plu·

115 1829 179 1890 rimi
200 1827 285 1887 etiam
306 1845 343 1887 ex
363 1829 531 1889 stationibus
551 1829 656 1888 milites
673 1831 886 1889 concurrissent
905 1829 1036 1907 interque
1060 1845 1112 1887 eos

117 1921 147 1974 et
163 1920 351 1988 aeneatores,
372 1921 454 1990 rapta
475 1912 510 1972 ab
526 1929 582 1972 uno
605 1913 672 1972 tuba
690 1912 833 1991 prosilivit
852 1911 888 1971 ad
908 1910 1011 1971 flumen
1028 1920 1056 1971 et
1071 1913 1110 1970 in-

76 2015 107 2058 zo
116 1995 198 2074 genti
220 1995 321 2072 spiritu
344 1995 495 2056 classicum
517 2012 639 2055 exorsus
657 1996 800 2074 pertendit
816 1995 852 2056 ad
873 1995 990 2054 alteram
1008 1997 1110 2072 ripam.

116 2079 198 2140 ‘l'unc
220 2077 328 2140 Caesar
349 2077 452 2140 namt·
472 2080 574 2157 inquit,
596 2097 655 2158 quo
679 2079 805 2141 deorum
826 2084 946 2140 ostenta
967 2085 996 2138 ct
1011 2079 1109 2138 iuimi-

117 2181 223 2224 corum
243 2163 390 2242 iniquitas
403 2169 504 2225 cocat.
541 2160 636 2223 Juctc
653 2163 725 2223 oleo
740 2169 801 2237 cst,
825 2162 924 2240 inquit.
960 2160 1056 2241 Atque
1072 2164 1154 2223 ita33

25 2305 29 2314 ,
57 2289 70 2308 .-
116 2248 239 2307 traiecto
261 2250 405 2325 exercitu,
427 2245 559 2308 adhibitis
575 2247 695 2308 tribunis
712 2246 823 2326 plebis,
848 2247 897 2324 qui
919 2245 994 2324 pulsi
1011 2264 1110 2325 super-

23 2325 29 2332 ’
117 2340 271 2408 venerant,
288 2349 342 2410 pro
359 2332 493 2392 contione
505 2331 589 2392 fidem
600 2331 718 2392 militum
729 2331 802 2392 flens
817 2349 852 2392 ac
867 2338 948 2390 veste
961 2348 977 2390 a
990 2339 1111 2408 pectore

80 2431 109 2475 ao
118 2413 239 2476 discissa
255 2416 410 2478 invocavit.
453 2415 639 2476 Existimetur
653 2417 737 2476 etiam
758 2422 911 2496 equestres
927 2433 1031 2476 census
1048 2415 1110 2494 pol-

116 2499 212 2558 licitus
233 2499 368 2576 singulis:
391 2499 468 2578 quod
491 2500 595 2560 accidit
614 2501 750 2581 opinione
775 2501 858 2561 falsa.
901 2499 974 2559 Nam
998 2518 1061 2560 cum
1082 2500 1112 2558 in

117 2582 300 2662 adloquendo
329 2582 565 2663 exhortandoque
594 2585 710 2664 saepius
736 2582 853 2663 digitum
879 2584 982 2644 laevae
1011 2601 1111 2643 manus

118 2674 266 2727 ostentans
286 2667 464 2744 adfirmaret,
491 2687 524 2728 se
551 2667 587 2728 ad
608 2671 677 2728 satis
700 2668 862 2730 faciendum
884 2669 1029 2743 omnibus,
1057 2683 1110 2744 per

119 2766 192 2827 quos
204 2750 369 2828 dignitatem
380 2771 459 2813 suam
472 2751 643 2812 defensuros
655 2762 749 2830 esset,
764 2753 876 2814 anulum
889 2769 1004 2831 quoque
1015 2766 1109 2826 aequo

83 2851 108 2894 to
119 2834 211 2894 auimo
227 2834 417 2897 detracturum
434 2835 502 2912 sibi,
524 2845 651 2896 extrema
668 2839 778 2915 contio,
799 2839 844 2898 cui
863 2835 976 2896 facilius
992 2842 1055 2893 erat
1069 2834 1110 2891 vi-

40 2983 60 3009 f
118 2916 186 2978 dere
203 2920 412 2980 contionantem
423 2937 506 2999 quam
518 2919 633 2997 audire,
649 2939 703 2999 pro
719 2922 794 2981 dicto
807 2920 936 2998 accepit,
956 2917 1033 2997 quod
1047 2917 1110 2976 visu

30 3038 34 3042 -
118 3002 331 3082 suspicabatur;
355 3006 584 3084 promissumque
605 3005 648 3064 ius
669 3005 817 3065 anulorum
834 3022 897 3064 cum
914 3001 1027 3060 milibus
1043 3019 1110 3078 qua·

2 3108 14 3154 y
118 3085 277 3164 dringenis,
293 3089 367 3149 fama
381 3089 497 3148 distulit.

183 3169 261 3231 Ordo
278 3181 308 3232 et
323 3191 430 3233 summa
446 3190 558 3249 rerum,
581 3189 652 3250 quas
669 3170 807 3250 deinceps
823 3173 933 3248 gessit,
957 3170 1000 3229 sic
1015 3188 1047 3229 se
1061 3168 1109 3228 ba·
1119 3183 1153 3237 34

83 3251 193 3315 cubent.
238 3255 373 3317 Picenum
387 3256 533 3318 Umbriam
550 3257 691 3316 Etruriam
712 3256 881 3334 occupavit,
906 3263 935 3314 et
950 3254 1038 3314 Lucio
1053 3252 1110 3312 Do

116 3339 211 3417 mitio,
239 3341 286 3418 qui
306 3358 359 3420 per
380 3341 525 3401 tumultum
545 3357 700 3401 successor
724 3340 751 3399 ei
774 3341 935 3400 nominatus
958 3336 1112 3398 Corfinium

117 3423 264 3501 pracsidio
278 3424 411 3503 tenebat,
429 3427 458 3484 in
473 3424 616 3486 dicionem
629 3425 750 3486 redacto
765 3433 851 3504 atque
867 3422 993 3501 dimisso,
1009 3439 1110 3483 secun-

117 3505 182 3567 dnm
198 3507 339 3588 Superum
357 3528 436 3570 mare
454 3509 633 3570 Brundisium
648 3509 784 3587 tetendit,
808 3528 866 3590 quo
879 3509 1014 3572 consules
1028 3506 1109 3567 Porn-

15 1042 52 1084 μ
