2434 3908
476 238 682 287 PRAEFATIO·
886 235 1025 284 LXXXIII

120 401 241 474 singulis
261 400 357 458 vertis
375 400 420 455 vel
441 400 476 454 de
499 398 630 456 uniuerso
651 413 756 468 genere
778 395 905 454 iudicare
929 397 1022 455 licoat.

121 484 317 557 Distinguendi
335 483 406 539 euim
426 483 540 539 suntab
560 479 678 552 integris
699 479 780 538 libris
796 497 866 553 qnos
886 481 1022 555 impressa

122 570 250 641 exempla
271 568 394 623 referunt
412 566 432 621 ii
453 565 583 635 codices,
607 563 653 635 qui
675 565 792 636 amplius
814 565 926 622 dimidia
943 569 1023 637 parte

122 653 271 711 breviores
290 657 368 720 sunt,
383 649 535 706 Parisinum
550 649 613 704 dico
626 651 708 718 7977,
722 651 909 719 Bonnensem‚
928 649 1023 704 Mona-

123 753 252 806 censcm‚
275 729 489 809 vanuerunt).
532 733 555 788 li
578 730 650 787 enim
674 733 740 789 libri
760 732 1024 802 decorositatis,

122 837 194 894 quos
213 820 358 876 innostro
380 819 507 890 exempto
525 814 633 873 Horatii
655 816 713 872 vita
734 817 944 888 complectitur,
968 830 1023 873 non

124 907 188 979 ptus
207 919 286 976 quarn
302 909 337 962 30
355 907 548 971 servaverunt,
572 899 704 956 excidere
719 900 796 971 passi
812 900 898 957 verba
916 918 945 974 p.
960 904 1023 968 297,

125 995 159 1048 15
176 988 315 1059 Ampustus
330 991 358 1042 et
377 1002 449 1057 quae
464 991 617 1058 sequnntur
632 1000 719 1055 usque
736 985 770 1039 ud
785 1001 812 1054 p.
829 989 890 1055 298,
907 992 938 1042 11
957 984 1024 1041 oae-

123 1088 182 1137 sar,
198 1079 254 1126 tum
269 1078 304 1131 23
317 1071 465 1140 domusque
479 1099 521 1110 -
535 1074 568 1129 27
585 1067 732 1132 mechatur,
753 1072 894 1138 postremo
909 1074 944 1127 30
960 1071 1026 1139 pest

126 1185 168 1198 -
184 1162 219 1216 33
233 1156 349 1212 tumulas.
393 1153 457 1210 Tam
480 1155 593 1210 brevem
610 1151 717 1207 Horatii
734 1150 818 1206 vitam
835 1151 955 1207 fortasse
972 1151 1022 1205 ati-

126 1239 189 1312 quis
218 1237 463 1311 interpolationem
484 1236 650 1308 quarundam
674 1251 777 1289 memor
807 1233 1024 1305 antiquissimam

126 1330 155 1378 et
177 1321 323 1394 genuinam
343 1327 435 1394 putet;
461 1337 556 1376 uerum
577 1320 601 1376 si
625 1319 756 1391 proprius
777 1333 834 1372 rem
858 1317 1024 1388 inspexerit,

126 1407 228 1463 omissa
244 1404 435 1477 deprehendet
449 1421 482 1460 ea
499 1420 569 1476 quae
585 1402 704 1461 omnium
718 1401 827 1456 minime
842 1401 942 1456 abesse
958 1416 1024 1472 pos-

127 1485 242 1564 sunt⁷³),
259 1495 355 1544 contro
370 1493 501 1558 suspecta
520 1486 610 1544 omnia
627 1485 803 1543 tenacissime
818 1490 940 1541 servata.
968 1484 1024 1540 ltu·

126 1592 181 1645 que
202 1589 234 1629 ea
254 1571 377 1626 brevitas
400 1569 518 1627 librario
533 1570 617 1628 alicui
634 1570 766 1639 debetur,
790 1569 835 1640 qni
857 1567 948 1625 inutili
967 1568 1024 1624 sci-

125 1657 195 1712 licet
218 1656 367 1710 uerborum
393 1653 549 1726 prolixitati
569 1653 720 1710 omittendo
741 1653 904 1709 medendum
925 1650 1023 1708 existi·

127 1738 220 1795 mavit.

191 1820 349 1892 Sequuntur
365 1838 397 1876 ea
414 1822 493 1890 toea,
510 1821 624 1891 quaein
639 1821 719 1876 tibris
736 1821 824 1876 minus
840 1822 913 1877 bene
927 1837 959 1876 se
975 1821 1024 1876 ha-

127 1908 195 1962 bere
212 1905 272 1961 visa
295 1910 366 1958 sunt.

130 2051 194 2102 1701
215 2050 320 2100 Carolus
336 2051 386 2100 Fen
404 2051 525 2100 nonnulle
545 2049 658 2115 protulit.
677 2076 711 2086 -
729 2048 785 2099 Non
801 2050 933 2099 numeravi
950 2051 1026 2100 colle·

128 2121 164 2184 gii
181 2117 369 2169 Gembtacensis
385 2118 497 2168 codicem
514 2117 734 2180 antiquissimum,
757 2117 784 2166 in
804 2132 853 2180 quo
871 2117 1026 2168 Pulmennus

128 2188 233 2238 eandem
249 2186 327 2236 vitam
344 2187 470 2253 reperisse
487 2203 514 2236 se
532 2186 575 2237 nit.

196 2253 242 2319 72)
259 2254 327 2305 Haeo
342 2255 377 2305 itu
394 2255 469 2322 plane
486 2256 523 2306 uti
540 2254 668 2320 perscribo
684 2254 711 2303 iu
722 2252 837 2304 Parisino
854 2253 918 2304 libro
935 2269 963 2304 se
980 2253 1026 2304 ha-

129 2328 187 2376 bere
214 2325 285 2374 scito.
321 2323 386 2374 Nom
410 2325 442 2374 de
465 2324 569 2388 reliquis
593 2339 634 2373 res
658 2321 734 2389 paulo
756 2321 886 2372 obscurior
912 2329 958 2373 est.
997 2325 1025 2374 tn

129 2392 256 2445 Bonnensi
270 2407 365 2459 magna
382 2394 425 2442 ille
440 2394 530 2442 lacuna
542 2391 644 2443 omnino
663 2391 751 2441 eadem
768 2390 900 2450 indicatur,
919 2391 1025 2443 sodex-

127 2472 207 2513 treme
223 2460 282 2510 inde
299 2477 314 2511 a
331 2462 452 2512 vocabulo
478 2463 611 2526 domusque
626 2475 707 2527 peuce
728 2459 772 2510 ille
793 2469 818 2510 et
839 2473 913 2510 erasa
935 2461 1026 2513 abesse

129 2531 212 2582 omniu
233 2529 357 2582 dicuntur.
395 2533 423 2579 ln
441 2529 586 2580 Monacensi
608 2530 671 2580 libro
693 2527 819 2579 ‘deficere
838 2528 947 2580 medium
969 2530 1024 2580 iere
1104 2524 1108 2533 '

127 2596 238 2666 pertem’
254 2598 375 2650 Xirchner
388 2615 413 2664 p.
429 2597 463 2649 43
478 2607 583 2650 testatus
599 2607 644 2649 est.
680 2599 717 2649 De
731 2597 848 2648 Vaticani
863 2597 960 2650 lacunis
973 2599 1025 2650 Fen

129 2665 190 2718 nihil
209 2667 323 2729 tradidit,
349 2670 394 2718 sed
410 2675 462 2717 tem
485 2667 574 2718 allatae
597 2682 629 2716 ex
653 2677 726 2734 parte
746 2667 881 2733 superstite
904 2667 1024 2718 lectiones

129 2750 204 2800 quam
216 2748 267 2785 non
280 2735 370 2786 allatae
388 2737 414 2785 in
429 2736 543 2802 pertibus
557 2736 702 2801 interceptis
721 2735 787 2798 (sine
803 2737 905 2786 ¹auctore
923 2751 949 2802 p.
961 2735 1023 2797 297,

129 2807 161 2854 24
176 2807 292 2868 inperare
307 2803 606 2867 commemoravitRitter)
622 2819 679 2854 eum
697 2803 788 2853 librum
804 2803 923 2854 mutilatis
935 2817 1024 2852 scoen-

129 2873 235 2924 sendum
252 2888 309 2922 esse
325 2880 443 2939 arguunt.

195 2939 242 3005 73)
267 2941 435 2992 Nemeorum
453 2955 517 3004 quoe
538 2940 564 2988 in
587 2940 668 3005 primu
687 2941 777 2990 lacuna
793 2939 940 2990 exciderunt
959 2937 1023 3002 (uon

129 3009 285 3076 improbante
302 3009 409 3071 crinito,
432 3009 478 3060 ol'r.
499 3009 584 3058 adnot.
602 3007 658 3071 68.)
677 3008 812 3059 Horatiana
835 3007 930 3058 scholia
946 3021 1024 3074 supra

129 3094 155 3145 p.
172 3078 236 3140 296,
263 3078 296 3130 35
321 3087 345 3128 et
372 3077 407 3130 39
433 3078 472 3128 bis
490 3077 637 3127 nominatim
655 3077 807 3127 mentionem
832 3077 953 3127 iecerunt.
988 3075 1027 3126 Ne

130 3154 273 3213 postremus
291 3147 392 3213 quidem
408 3147 478 3197 locus
498 3145 662 3211 excipiendus
677 3153 730 3205 est,
752 3145 793 3194 eni
814 3159 865 3194 non
889 3144 1027 3195 omissione

130 3214 175 3266 sed
196 3215 370 3268 emendatione
389 3215 589 3266 subveniendum
606 3229 663 3263 esse
682 3213 774 3264 indico.
811 3213 936 3263 Vitiosum
958 3214 1026 3264 enim

130 3283 192 3334 illud
206 3300 293 3335 noema
311 3285 408 3336 scribae
425 3298 475 3334 non
491 3283 611 3333 Suetonio
626 3282 730 3348 imputo,
750 3296 806 3331 cum
824 3290 849 3331 et
859 3281 1026 3346 Hieronymus

131 3353 218 3403 LVII
230 3362 298 3405 recte
314 3355 406 3405 habeut
420 3361 445 3402 et
459 3353 487 3403 in
502 3351 552 3402 ulie
562 3351 658 3402 Horatii
674 3351 733 3414 vita,
753 3365 818 3415 quae
831 3366 862 3399 ex
874 3349 1025 3401 Suetonienu

130 3429 248 3488 excerpts
274 3430 312 3474 est
338 3421 478 3487 (Kirchuer
502 3435 560 3471 nov.
586 3427 683 3484 quaest.
714 3434 740 3484 p.
770 3419 819 3485 44)
847 3423 1027 3486 septuupem’mo

131 3495 268 3554 septimo
284 3493 404 3557 scriptum
419 3491 460 3545 sit.

781 3561 814 3610 st
