<?xml version="1.0" encoding="UTF-8"?>
<!DOCTYPE html PUBLIC "-//W3C//DTD XHTML 1.0 Transitional//EN"
    "http://www.w3.org/TR/xhtml1/DTD/xhtml1-transitional.dtd">
<html xmlns="http://www.w3.org/1999/xhtml" xml:lang="en" lang="en">
 <head>
  <title>
</title>
<meta http-equiv="Content-Type" content="text/html;charset=utf-8" />
  <meta name='ocr-system' content='tesseract 3.04.00' />
  <meta name='ocr-capabilities' content='ocr_page ocr_carea ocr_par ocr_line ocrx_word'/>
</head>
<body>
  <div class='ocr_page' id='page_1' title='image "./csuetonitranqui00suetgoog_0208.png"; bbox 0 0 2466 3896; ppageno 0'>
   <div class='ocr_carea' id='block_1_1' title="bbox 527 216 1099 278">
    <p class='ocr_par' dir='ltr' id='par_1_1' title="bbox 527 216 1099 278">
     <span class='ocr_line' id='line_1_1' title="bbox 527 216 1099 278; baseline 0 -2"><span class='ocrx_word' id='word_1_1' title='bbox 527 228 695 278; x_wconf 76' lang='lat' dir='ltr'><strong>morsurus.</strong></span> <span class='ocrx_word' id='word_1_2' title='bbox 1058 216 1099 276; x_wconf 85' lang='lat'><strong>97</strong></span> 
     </span>
    </p>
   </div>
   <div class='ocr_carea' id='block_1_2' title="bbox 7 380 1147 3630">
    <p class='ocr_par' dir='ltr' id='par_1_2' title="bbox 7 380 1143 1699">
     <span class='ocr_line' id='line_1_2' title="bbox 111 380 1100 462; baseline -0.002 -21"><span class='ocrx_word' id='word_1_3' title='bbox 111 382 188 444; x_wconf 84' lang='lat' dir='ltr'><strong>Livia</strong></span> <span class='ocrx_word' id='word_1_4' title='bbox 209 390 237 440; x_wconf 87' lang='lat' dir='ltr'><strong>et</strong></span> <span class='ocrx_word' id='word_1_5' title='bbox 257 399 291 441; x_wconf 90' lang='lat' dir='ltr'><strong>ea</strong></span> <span class='ocrx_word' id='word_1_6' title='bbox 314 383 433 442; x_wconf 88' lang='lat' dir='ltr'><strong>conscio</strong></span> <span class='ocrx_word' id='word_1_7' title='bbox 448 381 565 442; x_wconf 85' lang='lat' dir='ltr'><strong>Tiberio</strong></span> <span class='ocrx_word' id='word_1_8' title='bbox 589 403 625 444; x_wconf 90' lang='lat' dir='ltr'><strong>an</strong></span> <span class='ocrx_word' id='word_1_9' title='bbox 646 386 766 462; x_wconf 87' lang='lat' dir='ltr'><strong>ignaro,</strong></span> <span class='ocrx_word' id='word_1_10' title='bbox 789 385 936 450; x_wconf 72' lang='lat' dir='ltr'><strong>dictasset.</strong></span> <span class='ocrx_word' id='word_1_11' title='bbox 969 380 1100 441; x_wconf 82' lang='lat' dir='ltr'><strong>Tiberius</strong></span> 
     </span>
     <span class='ocr_line' id='line_1_3' title="bbox 111 465 1099 549; baseline -0.001 -23"><span class='ocrx_word' id='word_1_12' title='bbox 111 465 279 526; x_wconf 76' lang='lat' dir='ltr'><strong>renuntianti</strong></span> <span class='ocrx_word' id='word_1_13' title='bbox 295 465 425 543; x_wconf 89' lang='lat' dir='ltr'><strong>tribuno,</strong></span> <span class='ocrx_word' id='word_1_14' title='bbox 442 467 548 527; x_wconf 86' lang='lat' dir='ltr'><strong>lactum</strong></span> <span class='ocrx_word' id='word_1_15' title='bbox 564 485 630 527; x_wconf 89' lang='lat' dir='ltr'><strong>esse</strong></span> <span class='ocrx_word' id='word_1_16' title='bbox 645 467 722 546; x_wconf 89' lang='lat' dir='ltr'><strong>quod</strong></span> <span class='ocrx_word' id='word_1_17' title='bbox 735 471 922 549; x_wconf 80' lang='lat' dir='ltr'><strong>imperasset,</strong></span> <span class='ocrx_word' id='word_1_18' title='bbox 937 483 1034 546; x_wconf 79' lang='lat' dir='ltr'><strong>oeque</strong></span> <span class='ocrx_word' id='word_1_19' title='bbox 1047 465 1099 526; x_wconf 78' lang='lat' dir='ltr'><strong>im-</strong></span> 
     </span>
     <span class='ocr_line' id='line_1_4' title="bbox 109 549 1100 630; baseline -0.001 -20"><span class='ocrx_word' id='word_1_20' title='bbox 109 565 240 629; x_wconf 84' lang='lat' dir='ltr'><strong>perasse</strong></span> <span class='ocrx_word' id='word_1_21' title='bbox 258 566 294 608; x_wconf 83' lang='lat' dir='ltr'><strong>se</strong></span> <span class='ocrx_word' id='word_1_22' title='bbox 313 556 343 610; x_wconf 83' lang='lat' dir='ltr'><strong>et</strong></span> <span class='ocrx_word' id='word_1_23' title='bbox 358 549 550 610; x_wconf 79' lang='lat' dir='ltr'><strong>redditurum</strong></span> <span class='ocrx_word' id='word_1_24' title='bbox 563 570 629 610; x_wconf 83' lang='lat' dir='ltr'><strong>euro</strong></span> <span class='ocrx_word' id='word_1_25' title='bbox 645 553 767 612; x_wconf 80' lang='lat' dir='ltr'><strong>senatui</strong></span> <span class='ocrx_word' id='word_1_26' title='bbox 780 555 930 613; x_wconf 73' lang='lat' dir='ltr'><strong>radonem</strong></span> <span class='ocrx_word' id='word_1_27' title='bbox 943 549 1100 630; x_wconf 77' lang='lat' dir='ltr'><strong>respondit,</strong></span> 
     </span>
     <span class='ocr_line' id='line_1_5' title="bbox 101 632 1101 712; baseline -0.001 -19"><span class='ocrx_word' id='word_1_28' title='bbox 101 632 243 693; x_wconf 87' lang='lat' dir='ltr'><strong>invidiam</strong></span> <span class='ocrx_word' id='word_1_29' title='bbox 258 633 373 693; x_wconf 87' lang='lat' dir='ltr'><strong>scilieet</strong></span> <span class='ocrx_word' id='word_1_30' title='bbox 385 635 414 692; x_wconf 96' lang='lat' dir='ltr'><strong>in</strong></span> <span class='ocrx_word' id='word_1_31' title='bbox 428 636 593 712; x_wconf 89' lang='lat' dir='ltr'><strong>praesentia</strong></span> <span class='ocrx_word' id='word_1_32' title='bbox 608 636 710 695; x_wconf 88' lang='lat' dir='ltr'><strong>vitans.</strong></span> <span class='ocrx_word' id='word_1_33' title='bbox 743 636 815 696; x_wconf 90' lang='lat' dir='ltr'><strong>Nam</strong></span> <span class='ocrx_word' id='word_1_34' title='bbox 828 653 896 696; x_wconf 82' lang='lat' dir='ltr'><strong>mox</strong></span> <span class='ocrx_word' id='word_1_35' title='bbox 912 635 1025 696; x_wconf 89' lang='lat' dir='ltr'><strong>silentio</strong></span> <span class='ocrx_word' id='word_1_36' title='bbox 1039 652 1101 694; x_wconf 90' lang='lat' dir='ltr'><strong>reru</strong></span> 
     </span>
     <span class='ocr_line' id='line_1_6' title="bbox 90 716 1143 798; baseline 0.002 -22"><span class='ocrx_word' id='word_1_37' title='bbox 90 716 283 778; x_wconf 85' lang='lat' dir='ltr'><strong>subliteravit.</strong></span> <span class='ocrx_word' id='word_1_38' title='bbox 316 717 382 777; x_wconf 92' lang='lat' dir='ltr'><strong>lure</strong></span> <span class='ocrx_word' id='word_1_39' title='bbox 403 727 496 777; x_wconf 90' lang='lat' dir='ltr'><strong>autem</strong></span> <span class='ocrx_word' id='word_1_40' title='bbox 517 719 684 779; x_wconf 79' lang='lat' dir='ltr'><strong>tribuniciae</strong></span> <span class='ocrx_word' id='word_1_41' title='bbox 705 722 858 798; x_wconf 88' lang='lat' dir='ltr'><strong>potestatis</strong></span> <span class='ocrx_word' id='word_1_42' title='bbox 878 728 980 780; x_wconf 88' lang='lat' dir='ltr'><strong>coacta</strong></span> <span class='ocrx_word' id='word_1_43' title='bbox 1001 723 1143 779; x_wconf 76' lang='lat' dir='ltr'><strong>senatuua</strong></span> 
     </span>
     <span class='ocr_line' id='line_1_7' title="bbox 111 799 1099 882; baseline 0 -20"><span class='ocrx_word' id='word_1_44' title='bbox 111 801 300 882; x_wconf 87' lang='lat' dir='ltr'><strong>inchoataque</strong></span> <span class='ocrx_word' id='word_1_45' title='bbox 322 799 520 879; x_wconf 80' lang='lat' dir='ltr'><strong>adlocutione,</strong></span> <span class='ocrx_word' id='word_1_46' title='bbox 542 801 700 882; x_wconf 84' lang='lat' dir='ltr'><strong>derepente</strong></span> <span class='ocrx_word' id='word_1_47' title='bbox 721 803 801 863; x_wconf 84' lang='lat' dir='ltr'><strong>velut</strong></span> <span class='ocrx_word' id='word_1_48' title='bbox 820 805 911 882; x_wconf 90' lang='lat' dir='ltr'><strong>impar</strong></span> <span class='ocrx_word' id='word_1_49' title='bbox 925 802 1018 863; x_wconf 91' lang='lat' dir='ltr'><strong>dolori</strong></span> <span class='ocrx_word' id='word_1_50' title='bbox 1033 821 1099 863; x_wconf 88' lang='lat' dir='ltr'><strong>con·</strong></span> 
     </span>
     <span class='ocr_line' id='line_1_8' title="bbox 111 885 1101 966; baseline -0.001 -21"><span class='ocrx_word' id='word_1_51' title='bbox 111 887 227 963; x_wconf 83' lang='lat' dir='ltr'><strong>gemuit,</strong></span> <span class='ocrx_word' id='word_1_52' title='bbox 243 893 330 964; x_wconf 86' lang='lat' dir='ltr'><strong>utque</strong></span> <span class='ocrx_word' id='word_1_53' title='bbox 343 901 401 946; x_wconf 91' lang='lat' dir='ltr'><strong>uon</strong></span> <span class='ocrx_word' id='word_1_54' title='bbox 419 885 511 945; x_wconf 89' lang='lat' dir='ltr'><strong>solum</strong></span> <span class='ocrx_word' id='word_1_55' title='bbox 525 904 584 946; x_wconf 83' lang='lat' dir='ltr'><strong>vox</strong></span> <span class='ocrx_word' id='word_1_56' title='bbox 598 886 650 946; x_wconf 88' lang='lat' dir='ltr'><strong>sed</strong></span> <span class='ocrx_word' id='word_1_57' title='bbox 665 895 693 946; x_wconf 92' lang='lat' dir='ltr'><strong>et</strong></span> <span class='ocrx_word' id='word_1_58' title='bbox 706 889 822 966; x_wconf 91' lang='lat' dir='ltr'><strong>spiritus</strong></span> <span class='ocrx_word' id='word_1_59' title='bbox 839 886 976 947; x_wconf 89' lang='lat' dir='ltr'><strong>deiiceret</strong></span> <span class='ocrx_word' id='word_1_60' title='bbox 993 887 1101 966; x_wconf 90' lang='lat' dir='ltr'><strong>optavit</strong></span> 
     </span>
     <span class='ocr_line' id='line_1_9' title="bbox 112 966 1100 1048; baseline -0.001 -19"><span class='ocrx_word' id='word_1_61' title='bbox 112 987 147 1029; x_wconf 88' lang='lat' dir='ltr'><strong>ac</strong></span> <span class='ocrx_word' id='word_1_62' title='bbox 166 966 373 1048; x_wconf 81' lang='lat' dir='ltr'><strong>perlegendum</strong></span> <span class='ocrx_word' id='word_1_63' title='bbox 394 969 497 1030; x_wconf 92' lang='lat' dir='ltr'><strong>librum</strong></span> <span class='ocrx_word' id='word_1_64' title='bbox 515 969 610 1031; x_wconf 90' lang='lat' dir='ltr'><strong>Druso</strong></span> <span class='ocrx_word' id='word_1_65' title='bbox 631 971 689 1031; x_wconf 85' lang='lat' dir='ltr'><strong>lulio</strong></span> <span class='ocrx_word' id='word_1_66' title='bbox 711 970 833 1031; x_wconf 81' lang='lat' dir='ltr'><strong>tradidit.</strong></span> <span class='ocrx_word' id='word_1_67' title='bbox 865 969 983 1030; x_wconf 90' lang='lat' dir='ltr'><strong>Inlatum</strong></span> <span class='ocrx_word' id='word_1_68' title='bbox 997 970 1100 1030; x_wconf 89' lang='lat' dir='ltr'><strong>deinde</strong></span> 
     </span>
     <span class='ocr_line' id='line_1_10' title="bbox 7 1052 1101 1133; baseline -0.001 -21"><span class='ocrx_word' id='word_1_69' title='bbox 7 1083 17 1095; x_wconf 46' lang='grc' dir='ltr'><strong>ι</strong></span> <span class='ocrx_word' id='word_1_70' title='bbox 111 1052 233 1130; x_wconf 81' lang='lat' dir='ltr'><strong>Augusti</strong></span> <span class='ocrx_word' id='word_1_71' title='bbox 250 1061 457 1130; x_wconf 82' lang='lat' dir='ltr'><strong>testamentum,</strong></span> <span class='ocrx_word' id='word_1_72' title='bbox 473 1071 531 1113; x_wconf 92' lang='lat' dir='ltr'><strong>non</strong></span> <span class='ocrx_word' id='word_1_73' title='bbox 546 1054 676 1115; x_wconf 83' lang='lat' dir='ltr'><strong>admissis</strong></span> <span class='ocrx_word' id='word_1_74' title='bbox 689 1053 882 1133; x_wconf 84' lang='lat' dir='ltr'><strong>signatoribus</strong></span> <span class='ocrx_word' id='word_1_75' title='bbox 896 1054 950 1112; x_wconf 92' lang='lat' dir='ltr'><strong>nisi</strong></span> <span class='ocrx_word' id='word_1_76' title='bbox 965 1055 1101 1114; x_wconf 88' lang='lat' dir='ltr'><strong>senatorii</strong></span> 
     </span>
     <span class='ocr_line' id='line_1_11' title="bbox 79 1135 1102 1216; baseline -0.004 -18"><span class='ocrx_word' id='word_1_77' title='bbox 79 1155 103 1198; x_wconf 84' lang='lat' dir='ltr'><strong>ru</strong></span> <span class='ocrx_word' id='word_1_78' title='bbox 112 1136 235 1213; x_wconf 92' lang='lat' dir='ltr'><strong>ordinis,</strong></span> <span class='ocrx_word' id='word_1_79' title='bbox 260 1139 367 1196; x_wconf 86' lang='lat' dir='ltr'><strong>ceteris</strong></span> <span class='ocrx_word' id='word_1_80' title='bbox 389 1146 470 1197; x_wconf 82' lang='lat' dir='ltr'><strong>extra</strong></span> <span class='ocrx_word' id='word_1_81' title='bbox 489 1139 595 1199; x_wconf 91' lang='lat' dir='ltr'><strong>curiam</strong></span> <span class='ocrx_word' id='word_1_82' title='bbox 611 1140 693 1214; x_wconf 85' lang='lat' dir='ltr'><strong>signa</strong></span> <span class='ocrx_word' id='word_1_83' title='bbox 710 1135 948 1216; x_wconf 88' lang='lat' dir='ltr'><strong>agnoscentibus,</strong></span> <span class='ocrx_word' id='word_1_84' title='bbox 970 1138 1102 1196; x_wconf 88' lang='lat' dir='ltr'><strong>recitavit</strong></span> 
     </span>
     <span class='ocr_line' id='line_1_12' title="bbox 112 1219 1100 1301; baseline -0.001 -21"><span class='ocrx_word' id='word_1_85' title='bbox 112 1239 165 1301; x_wconf 89' lang='lat' dir='ltr'><strong>per</strong></span> <span class='ocrx_word' id='word_1_86' title='bbox 179 1219 321 1280; x_wconf 91' lang='lat' dir='ltr'><strong>libertum.</strong></span> <span class='ocrx_word' id='word_1_87' title='bbox 353 1220 528 1281; x_wconf 84' lang='lat' dir='ltr'><strong>Testamenti</strong></span> <span class='ocrx_word' id='word_1_88' title='bbox 549 1223 654 1281; x_wconf 86' lang='lat' dir='ltr'><strong>initium</strong></span> <span class='ocrx_word' id='word_1_89' title='bbox 667 1223 735 1282; x_wconf 89' lang='lat' dir='ltr'><strong>fuit:</strong></span> <span class='ocrx_word' id='word_1_90' title='bbox 761 1219 912 1294; x_wconf 76' lang='lat' dir='ltr'><strong>Quoniam</strong></span> <span class='ocrx_word' id='word_1_91' title='bbox 928 1228 1022 1280; x_wconf 76' lang='lat' dir='ltr'><strong>otroc</strong></span> <span class='ocrx_word' id='word_1_92' title='bbox 1033 1219 1100 1298; x_wconf 75' lang='lat' dir='ltr'><strong>for·</strong></span> 
     </span>
     <span class='ocr_line' id='line_1_13' title="bbox 112 1302 1101 1385; baseline -0.002 -19"><span class='ocrx_word' id='word_1_93' title='bbox 112 1313 185 1366; x_wconf 85' lang='lat' dir='ltr'><strong>tuna</strong></span> <span class='ocrx_word' id='word_1_94' title='bbox 203 1303 313 1363; x_wconf 81' lang='lat' dir='ltr'><strong>Gaium</strong></span> <span class='ocrx_word' id='word_1_95' title='bbox 327 1309 357 1364; x_wconf 87' lang='lat' dir='ltr'><strong>et</strong></span> <span class='ocrx_word' id='word_1_96' title='bbox 370 1302 497 1364; x_wconf 78' lang='lat' dir='ltr'><strong>Lucium</strong></span> <span class='ocrx_word' id='word_1_97' title='bbox 514 1305 599 1382; x_wconf 78' lang='lat' dir='ltr'><strong>pilius</strong></span> <span class='ocrx_word' id='word_1_98' title='bbox 617 1305 692 1365; x_wconf 74' lang='lat' dir='ltr'><strong>mitt</strong></span> <span class='ocrx_word' id='word_1_99' title='bbox 708 1305 835 1385; x_wconf 77' lang='lat' dir='ltr'><strong>eripuit,</strong></span> <span class='ocrx_word' id='word_1_100' title='bbox 866 1303 1006 1365; x_wconf 78' lang='lat' dir='ltr'><strong>Tiberius</strong></span> <span class='ocrx_word' id='word_1_101' title='bbox 1023 1302 1101 1364; x_wconf 79' lang='lat' dir='ltr'><strong>Oue-</strong></span> 
     </span>
     <span class='ocr_line' id='line_1_14' title="bbox 110 1386 1103 1465; baseline -0.002 -17"><span class='ocrx_word' id='word_1_102' title='bbox 110 1407 168 1449; x_wconf 82' lang='lat' dir='ltr'><strong>sur</strong></span> <span class='ocrx_word' id='word_1_103' title='bbox 189 1386 263 1447; x_wconf 72' lang='lat' dir='ltr'><strong>mitt</strong></span> <span class='ocrx_word' id='word_1_104' title='bbox 283 1405 323 1449; x_wconf 77' lang='lat' dir='ltr'><strong>aa</strong></span> <span class='ocrx_word' id='word_1_105' title='bbox 339 1395 433 1465; x_wconf 81' lang='lat' dir='ltr'><strong>purte</strong></span> <span class='ocrx_word' id='word_1_106' title='bbox 447 1386 576 1448; x_wconf 79' lang='lat' dir='ltr'><strong>dimidiu</strong></span> <span class='ocrx_word' id='word_1_107' title='bbox 590 1395 619 1449; x_wconf 85' lang='lat' dir='ltr'><strong>et</strong></span> <span class='ocrx_word' id='word_1_108' title='bbox 633 1395 774 1450; x_wconf 79' lang='lat' dir='ltr'><strong>sectante</strong></span> <span class='ocrx_word' id='word_1_109' title='bbox 787 1389 876 1450; x_wconf 80' lang='lat' dir='ltr'><strong>teres</strong></span> <span class='ocrx_word' id='word_1_110' title='bbox 891 1396 964 1450; x_wconf 83' lang='lat' dir='ltr'><strong>esto.</strong></span> <span class='ocrx_word' id='word_1_111' title='bbox 994 1388 1058 1463; x_wconf 80' lang='lat' dir='ltr'><strong>Quo</strong></span> <span class='ocrx_word' id='word_1_112' title='bbox 1075 1395 1103 1446; x_wconf 88' lang='lat' dir='ltr'><strong>et</strong></span> 
     </span>
     <span class='ocr_line' id='line_1_15' title="bbox 111 1472 1102 1550; baseline 0 -20"><span class='ocrx_word' id='word_1_113' title='bbox 111 1473 176 1548; x_wconf 92' lang='lat' dir='ltr'><strong>ipso</strong></span> <span class='ocrx_word' id='word_1_114' title='bbox 193 1479 276 1530; x_wconf 87' lang='lat' dir='ltr'><strong>aucta</strong></span> <span class='ocrx_word' id='word_1_115' title='bbox 291 1472 411 1550; x_wconf 87' lang='lat' dir='ltr'><strong>suspitio</strong></span> <span class='ocrx_word' id='word_1_116' title='bbox 431 1480 476 1532; x_wconf 86' lang='lat' dir='ltr'><strong>est</strong></span> <span class='ocrx_word' id='word_1_117' title='bbox 489 1473 671 1550; x_wconf 89' lang='lat' dir='ltr'><strong>opinantium,</strong></span> <span class='ocrx_word' id='word_1_118' title='bbox 689 1491 889 1536; x_wconf 85' lang='lat' dir='ltr'><strong>successorem</strong></span> <span class='ocrx_word' id='word_1_119' title='bbox 903 1472 1022 1534; x_wconf 92' lang='lat' dir='ltr'><strong>ascitum</strong></span> <span class='ocrx_word' id='word_1_120' title='bbox 1039 1489 1102 1532; x_wconf 90' lang='lat' dir='ltr'><strong>eum</strong></span> 
     </span>
     <span class='ocr_line' id='line_1_16' title="bbox 75 1554 1102 1638; baseline -0.002 -22"><span class='ocrx_word' id='word_1_121' title='bbox 75 1555 285 1616; x_wconf 81' lang='lat' dir='ltr'><strong>rouecessitate</strong></span> <span class='ocrx_word' id='word_1_122' title='bbox 300 1555 392 1632; x_wconf 89' lang='lat' dir='ltr'><strong>magis</strong></span> <span class='ocrx_word' id='word_1_123' title='bbox 405 1573 489 1634; x_wconf 86' lang='lat' dir='ltr'><strong>quam</strong></span> <span class='ocrx_word' id='word_1_124' title='bbox 502 1555 624 1633; x_wconf 87' lang='lat' dir='ltr'><strong>iudicio,</strong></span> <span class='ocrx_word' id='word_1_125' title='bbox 641 1557 753 1637; x_wconf 88' lang='lat' dir='ltr'><strong>quando</strong></span> <span class='ocrx_word' id='word_1_126' title='bbox 768 1559 807 1618; x_wconf 93' lang='lat' dir='ltr'><strong>ita</strong></span> <span class='ocrx_word' id='word_1_127' title='bbox 824 1558 949 1638; x_wconf 81' lang='lat' dir='ltr'><strong>praefari</strong></span> <span class='ocrx_word' id='word_1_128' title='bbox 962 1574 1019 1617; x_wconf 93' lang='lat' dir='ltr'><strong>non</strong></span> <span class='ocrx_word' id='word_1_129' title='bbox 1038 1554 1102 1615; x_wconf 89' lang='lat' dir='ltr'><strong>abs-</strong></span> 
     </span>
     <span class='ocr_line' id='line_1_17' title="bbox 110 1638 233 1699; baseline -0.033 0"><span class='ocrx_word' id='word_1_130' title='bbox 110 1638 233 1699; x_wconf 87' lang='lat' dir='ltr'><strong>tinuerit.</strong></span> 
     </span>
    </p>

    <p class='ocr_par' dir='ltr' id='par_1_3' title="bbox 173 1721 1144 1806">
     <span class='ocr_line' id='line_1_18' title="bbox 173 1721 1144 1806; baseline -0.001 -24"><span class='ocrx_word' id='word_1_131' title='bbox 173 1721 378 1800; x_wconf 87' lang='lat' dir='ltr'><strong>Principatum,</strong></span> <span class='ocrx_word' id='word_1_132' title='bbox 406 1727 533 1801; x_wconf 65' lang='lat' dir='ltr'><strong>mauvis</strong></span> <span class='ocrx_word' id='word_1_133' title='bbox 554 1743 647 1805; x_wconf 84' lang='lat' dir='ltr'><strong>neque</strong></span> <span class='ocrx_word' id='word_1_134' title='bbox 666 1743 811 1806; x_wconf 87' lang='lat' dir='ltr'><strong>occupare</strong></span> <span class='ocrx_word' id='word_1_135' title='bbox 834 1725 985 1786; x_wconf 81' lang='lat' dir='ltr'><strong>confestim</strong></span> <span class='ocrx_word' id='word_1_136' title='bbox 1009 1728 1144 1802; x_wconf 65' lang='lat' dir='ltr'><strong>nequeat</strong></span> 
     </span>
    </p>

    <p class='ocr_par' dir='ltr' id='par_1_4' title="bbox 7 1803 1103 1973">
     <span class='ocr_line' id='line_1_19' title="bbox 7 1803 1103 1886; baseline -0.001 -20"><span class='ocrx_word' id='word_1_137' title='bbox 7 1825 8 1840; x_wconf 60' lang='lat'>¹</span> <span class='ocrx_word' id='word_1_138' title='bbox 112 1824 202 1884; x_wconf 87' lang='lat' dir='ltr'><strong>agere</strong></span> <span class='ocrx_word' id='word_1_139' title='bbox 222 1803 395 1882; x_wconf 88' lang='lat' dir='ltr'><strong>dubitasset,</strong></span> <span class='ocrx_word' id='word_1_140' title='bbox 417 1815 448 1866; x_wconf 93' lang='lat' dir='ltr'><strong>et</strong></span> <span class='ocrx_word' id='word_1_141' title='bbox 466 1810 589 1870; x_wconf 89' lang='lat' dir='ltr'><strong>statione</strong></span> <span class='ocrx_word' id='word_1_142' title='bbox 610 1810 743 1886; x_wconf 89' lang='lat' dir='ltr'><strong>militum,</strong></span> <span class='ocrx_word' id='word_1_143' title='bbox 769 1810 825 1869; x_wconf 88' lang='lat' dir='ltr'><strong>hoc</strong></span> <span class='ocrx_word' id='word_1_144' title='bbox 846 1818 891 1869; x_wconf 91' lang='lat' dir='ltr'><strong>est</strong></span> <span class='ocrx_word' id='word_1_145' title='bbox 910 1811 938 1868; x_wconf 91' lang='lat' dir='ltr'><strong>vi</strong></span> <span class='ocrx_word' id='word_1_146' title='bbox 960 1817 989 1868; x_wconf 90' lang='lat' dir='ltr'><strong>et</strong></span> <span class='ocrx_word' id='word_1_147' title='bbox 1003 1809 1103 1886; x_wconf 87' lang='lat' dir='ltr'><strong>specie</strong></span> 
     </span>
     <span class='ocr_line' id='line_1_20' title="bbox 112 1883 1102 1973; baseline -0.002 -23"><span class='ocrx_word' id='word_1_148' title='bbox 112 1888 310 1973; x_wconf 84' lang='lat' dir='ltr'><strong>dominationis</strong></span> <span class='ocrx_word' id='word_1_149' title='bbox 326 1897 487 1968; x_wconf 90' lang='lat' dir='ltr'><strong>assumpta,</strong></span> <span class='ocrx_word' id='word_1_150' title='bbox 504 1891 549 1952; x_wconf 90' lang='lat' dir='ltr'><strong>diu</strong></span> <span class='ocrx_word' id='word_1_151' title='bbox 566 1901 660 1952; x_wconf 90' lang='lat' dir='ltr'><strong>tamen</strong></span> <span class='ocrx_word' id='word_1_152' title='bbox 675 1883 838 1969; x_wconf 84' lang='lat' dir='ltr'><strong>recusavit,</strong></span> <span class='ocrx_word' id='word_1_153' title='bbox 860 1891 1102 1971; x_wconf 91' lang='lat' dir='ltr'><strong>impudentissimo</strong></span> 
     </span>
    </p>

    <p class='ocr_par' dir='ltr' id='par_1_5' title="bbox 74 1971 1105 2389">
     <span class='ocr_line' id='line_1_21' title="bbox 74 1971 1105 2054; baseline -0.001 -21"><span class='ocrx_word' id='word_1_154' title='bbox 74 1975 196 2044; x_wconf 65' lang='lat' dir='ltr'><strong>pomino</strong></span> <span class='ocrx_word' id='word_1_155' title='bbox 213 1989 288 2030; x_wconf 85' lang='lat' dir='ltr'><strong>nunu</strong></span> <span class='ocrx_word' id='word_1_156' title='bbox 304 1971 479 2032; x_wconf 88' lang='lat' dir='ltr'><strong>adhortantis</strong></span> <span class='ocrx_word' id='word_1_157' title='bbox 495 1976 602 2035; x_wconf 88' lang='lat' dir='ltr'><strong>amicos</strong></span> <span class='ocrx_word' id='word_1_158' title='bbox 618 1976 770 2054; x_wconf 82' lang='lat' dir='ltr'><strong>increpans</strong></span> <span class='ocrx_word' id='word_1_159' title='bbox 785 1985 815 2035; x_wconf 87' lang='lat' dir='ltr'><strong>ut</strong></span> <span class='ocrx_word' id='word_1_160' title='bbox 827 1976 972 2053; x_wconf 73' lang='lat' dir='ltr'><strong>ignaros,</strong></span> <span class='ocrx_word' id='word_1_161' title='bbox 989 1980 1105 2054; x_wconf 80' lang='lat' dir='ltr'><strong>quantu</strong></span> 
     </span>
     <span class='ocr_line' id='line_1_22' title="bbox 112 2055 1103 2138; baseline -0.003 -20"><span class='ocrx_word' id='word_1_162' title='bbox 112 2056 215 2118; x_wconf 80' lang='lat' dir='ltr'><strong>helluo</strong></span> <span class='ocrx_word' id='word_1_163' title='bbox 230 2062 311 2115; x_wconf 83' lang='lat' dir='ltr'><strong>esset</strong></span> <span class='ocrx_word' id='word_1_164' title='bbox 323 2055 496 2133; x_wconf 77' lang='lat' dir='ltr'><strong>imperium,</strong></span> <span class='ocrx_word' id='word_1_165' title='bbox 517 2077 591 2119; x_wconf 88' lang='lat' dir='ltr'><strong>nunc</strong></span> <span class='ocrx_word' id='word_1_166' title='bbox 608 2068 773 2138; x_wconf 88' lang='lat' dir='ltr'><strong>precantem</strong></span> <span class='ocrx_word' id='word_1_167' title='bbox 787 2067 914 2118; x_wconf 89' lang='lat' dir='ltr'><strong>senatum</strong></span> <span class='ocrx_word' id='word_1_168' title='bbox 930 2067 959 2117; x_wconf 91' lang='lat' dir='ltr'><strong>et</strong></span> <span class='ocrx_word' id='word_1_169' title='bbox 973 2074 1103 2135; x_wconf 89' lang='lat' dir='ltr'><strong>procum·</strong></span> 
     </span>
     <span class='ocr_line' id='line_1_23' title="bbox 110 2139 1104 2220; baseline -0.005 -18"><span class='ocrx_word' id='word_1_170' title='bbox 110 2141 227 2202; x_wconf 91' lang='lat' dir='ltr'><strong>bentem</strong></span> <span class='ocrx_word' id='word_1_171' title='bbox 250 2139 304 2200; x_wconf 91' lang='lat' dir='ltr'><strong>sibi</strong></span> <span class='ocrx_word' id='word_1_172' title='bbox 324 2139 358 2199; x_wconf 93' lang='lat' dir='ltr'><strong>ad</strong></span> <span class='ocrx_word' id='word_1_173' title='bbox 380 2157 474 2217; x_wconf 87' lang='lat' dir='ltr'><strong>genua</strong></span> <span class='ocrx_word' id='word_1_174' title='bbox 496 2139 635 2219; x_wconf 86' lang='lat' dir='ltr'><strong>ambiguis</strong></span> <span class='ocrx_word' id='word_1_175' title='bbox 656 2144 806 2220; x_wconf 89' lang='lat' dir='ltr'><strong>responsis</strong></span> <span class='ocrx_word' id='word_1_176' title='bbox 828 2149 857 2200; x_wconf 91' lang='lat' dir='ltr'><strong>et</strong></span> <span class='ocrx_word' id='word_1_177' title='bbox 872 2140 975 2200; x_wconf 87' lang='lat' dir='ltr'><strong>callida</strong></span> <span class='ocrx_word' id='word_1_178' title='bbox 992 2149 1104 2199; x_wconf 87' lang='lat' dir='ltr'><strong>cuncta·</strong></span> 
     </span>
     <span class='ocr_line' id='line_1_24' title="bbox 111 2223 1104 2305; baseline -0.004 -19"><span class='ocrx_word' id='word_1_179' title='bbox 111 2226 189 2286; x_wconf 89' lang='lat' dir='ltr'><strong>tione</strong></span> <span class='ocrx_word' id='word_1_180' title='bbox 204 2223 397 2302; x_wconf 89' lang='lat' dir='ltr'><strong>suspendens;</strong></span> <span class='ocrx_word' id='word_1_181' title='bbox 415 2231 444 2282; x_wconf 94' lang='lat' dir='ltr'><strong>ut</strong></span> <span class='ocrx_word' id='word_1_182' title='bbox 459 2225 571 2303; x_wconf 85' lang='lat' dir='ltr'><strong>quidam</strong></span> <span class='ocrx_word' id='word_1_183' title='bbox 585 2226 748 2305; x_wconf 90' lang='lat' dir='ltr'><strong>patientiam</strong></span> <span class='ocrx_word' id='word_1_184' title='bbox 761 2233 926 2303; x_wconf 90' lang='lat' dir='ltr'><strong>rumperent</strong></span> <span class='ocrx_word' id='word_1_185' title='bbox 938 2232 1023 2302; x_wconf 88' lang='lat' dir='ltr'><strong>atque</strong></span> <span class='ocrx_word' id='word_1_186' title='bbox 1034 2241 1104 2282; x_wconf 92' lang='lat' dir='ltr'><strong>unus</strong></span> 
     </span>
     <span class='ocr_line' id='line_1_25' title="bbox 111 2307 1105 2389; baseline -0.004 -20"><span class='ocrx_word' id='word_1_187' title='bbox 111 2309 140 2369; x_wconf 90' lang='lat' dir='ltr'><strong>in</strong></span> <span class='ocrx_word' id='word_1_188' title='bbox 156 2307 272 2368; x_wconf 92' lang='lat' dir='ltr'><strong>tumultu</strong></span> <span class='ocrx_word' id='word_1_189' title='bbox 284 2307 492 2386; x_wconf 88' lang='lat' dir='ltr'><strong>proclamaret:</strong></span> <span class='ocrx_word' id='word_1_190' title='bbox 507 2307 570 2370; x_wconf 84' lang='lat' dir='ltr'><strong>Aut</strong></span> <span class='ocrx_word' id='word_1_191' title='bbox 583 2317 672 2389; x_wconf 80' lang='lat' dir='ltr'><strong>aput,</strong></span> <span class='ocrx_word' id='word_1_192' title='bbox 692 2317 747 2371; x_wconf 85' lang='lat' dir='ltr'><strong>cut</strong></span> <span class='ocrx_word' id='word_1_193' title='bbox 759 2308 906 2369; x_wconf 75' lang='lat' dir='ltr'><strong>desistat!</strong></span> <span class='ocrx_word' id='word_1_194' title='bbox 919 2308 992 2368; x_wconf 85' lang='lat' dir='ltr'><strong>alter</strong></span> <span class='ocrx_word' id='word_1_195' title='bbox 1009 2325 1105 2367; x_wconf 86' lang='lat' dir='ltr'><strong>eoram</strong></span> 
     </span>
    </p>

    <p class='ocr_par' dir='ltr' id='par_1_6' title="bbox 74 2390 1107 2808">
     <span class='ocr_line' id='line_1_26' title="bbox 74 2390 1104 2473; baseline -0.007 -17"><span class='ocrx_word' id='word_1_196' title='bbox 74 2415 102 2456; x_wconf 79' lang='lat' dir='ltr'><strong>as</strong></span> <span class='ocrx_word' id='word_1_197' title='bbox 113 2390 321 2472; x_wconf 86' lang='lat' dir='ltr'><strong>exprobraret,</strong></span> <span class='ocrx_word' id='word_1_198' title='bbox 337 2399 463 2468; x_wconf 85' lang='lat' dir='ltr'><strong>ceteros,</strong></span> <span class='ocrx_word' id='word_1_199' title='bbox 479 2393 556 2472; x_wconf 89' lang='lat' dir='ltr'><strong>quod</strong></span> <span class='ocrx_word' id='word_1_200' title='bbox 569 2394 691 2473; x_wconf 90' lang='lat' dir='ltr'><strong>polliciti</strong></span> <span class='ocrx_word' id='word_1_201' title='bbox 707 2394 762 2454; x_wconf 92' lang='lat' dir='ltr'><strong>sint</strong></span> <span class='ocrx_word' id='word_1_202' title='bbox 778 2392 860 2454; x_wconf 87' lang='lat' dir='ltr'><strong>tarde</strong></span> <span class='ocrx_word' id='word_1_203' title='bbox 878 2401 1037 2471; x_wconf 88' lang='lat' dir='ltr'><strong>praestare,</strong></span> <span class='ocrx_word' id='word_1_204' title='bbox 1054 2390 1104 2451; x_wconf 94' lang='lat' dir='ltr'><strong>sed</strong></span> 
     </span>
     <span class='ocr_line' id='line_1_27' title="bbox 111 2474 1103 2557; baseline -0.001 -21"><span class='ocrx_word' id='word_1_205' title='bbox 111 2477 222 2556; x_wconf 89' lang='lat' dir='ltr'><strong>ipsum,</strong></span> <span class='ocrx_word' id='word_1_206' title='bbox 238 2474 313 2552; x_wconf 89' lang='lat' dir='ltr'><strong>quod</strong></span> <span class='ocrx_word' id='word_1_207' title='bbox 330 2483 460 2555; x_wconf 88' lang='lat' dir='ltr'><strong>praestet</strong></span> <span class='ocrx_word' id='word_1_208' title='bbox 476 2477 556 2537; x_wconf 88' lang='lat' dir='ltr'><strong>tarde</strong></span> <span class='ocrx_word' id='word_1_209' title='bbox 571 2478 715 2557; x_wconf 88' lang='lat' dir='ltr'><strong>polliceri.</strong></span> <span class='ocrx_word' id='word_1_210' title='bbox 741 2476 867 2539; x_wconf 84' lang='lat' dir='ltr'><strong>Tandem</strong></span> <span class='ocrx_word' id='word_1_211' title='bbox 883 2477 963 2554; x_wconf 87' lang='lat' dir='ltr'><strong>quasi</strong></span> <span class='ocrx_word' id='word_1_212' title='bbox 978 2484 1103 2552; x_wconf 86' lang='lat' dir='ltr'><strong>coactus,</strong></span> 
     </span>
     <span class='ocr_line' id='line_1_28' title="bbox 113 2557 1104 2640; baseline 0 -21"><span class='ocrx_word' id='word_1_213' title='bbox 113 2567 143 2620; x_wconf 84' lang='lat' dir='ltr'><strong>et</strong></span> <span class='ocrx_word' id='word_1_214' title='bbox 164 2576 288 2638; x_wconf 88' lang='lat' dir='ltr'><strong>querens</strong></span> <span class='ocrx_word' id='word_1_215' title='bbox 309 2557 454 2619; x_wconf 78' lang='lat' dir='ltr'><strong>miserum</strong></span> <span class='ocrx_word' id='word_1_216' title='bbox 475 2568 505 2621; x_wconf 89' lang='lat' dir='ltr'><strong>et</strong></span> <span class='ocrx_word' id='word_1_217' title='bbox 522 2579 685 2624; x_wconf 69' lang='lat' dir='ltr'><strong>comosum</strong></span> <span class='ocrx_word' id='word_1_218' title='bbox 700 2561 819 2640; x_wconf 70' lang='lat' dir='ltr'><strong>iniungi</strong></span> <span class='ocrx_word' id='word_1_219' title='bbox 838 2559 899 2621; x_wconf 75' lang='lat' dir='ltr'><strong>stur·</strong></span> <span class='ocrx_word' id='word_1_220' title='bbox 920 2559 1104 2635; x_wconf 80' lang='lat' dir='ltr'><strong>servitutem,</strong></span> 
     </span>
     <span class='ocr_line' id='line_1_29' title="bbox 111 2644 1105 2726; baseline -0.004 -21"><span class='ocrx_word' id='word_1_221' title='bbox 111 2644 226 2721; x_wconf 86' lang='lat' dir='ltr'><strong>recepit</strong></span> <span class='ocrx_word' id='word_1_222' title='bbox 244 2644 405 2720; x_wconf 89' lang='lat' dir='ltr'><strong>imperium;</strong></span> <span class='ocrx_word' id='word_1_223' title='bbox 426 2652 589 2706; x_wconf 81' lang='lat' dir='ltr'><strong>nontamen</strong></span> <span class='ocrx_word' id='word_1_224' title='bbox 606 2645 698 2721; x_wconf 87' lang='lat' dir='ltr'><strong>aliter,</strong></span> <span class='ocrx_word' id='word_1_225' title='bbox 714 2665 797 2726; x_wconf 87' lang='lat' dir='ltr'><strong>quam</strong></span> <span class='ocrx_word' id='word_1_226' title='bbox 812 2655 841 2704; x_wconf 94' lang='lat' dir='ltr'><strong>ut</strong></span> <span class='ocrx_word' id='word_1_227' title='bbox 863 2645 1057 2724; x_wconf 89' lang='lat' dir='ltr'><strong>depositurum</strong></span> <span class='ocrx_word' id='word_1_228' title='bbox 1073 2661 1105 2702; x_wconf 88' lang='lat' dir='ltr'><strong>se</strong></span> 
     </span>
     <span class='ocr_line' id='line_1_30' title="bbox 112 2725 1107 2808; baseline -0.003 -22"><span class='ocrx_word' id='word_1_229' title='bbox 112 2726 283 2808; x_wconf 85' lang='lat' dir='ltr'><strong>quandoque</strong></span> <span class='ocrx_word' id='word_1_230' title='bbox 298 2744 379 2805; x_wconf 89' lang='lat' dir='ltr'><strong>spem</strong></span> <span class='ocrx_word' id='word_1_231' title='bbox 395 2727 514 2788; x_wconf 87' lang='lat' dir='ltr'><strong>laceret.</strong></span> <span class='ocrx_word' id='word_1_232' title='bbox 529 2727 622 2808; x_wconf 91' lang='lat' dir='ltr'><strong>Ipsius</strong></span> <span class='ocrx_word' id='word_1_233' title='bbox 637 2730 726 2791; x_wconf 90' lang='lat' dir='ltr'><strong>verba</strong></span> <span class='ocrx_word' id='word_1_234' title='bbox 742 2738 820 2790; x_wconf 90' lang='lat' dir='ltr'><strong>sunt:</strong></span> <span class='ocrx_word' id='word_1_235' title='bbox 841 2729 922 2790; x_wconf 85' lang='lat' dir='ltr'><strong>Dum</strong></span> <span class='ocrx_word' id='word_1_236' title='bbox 932 2727 1052 2788; x_wconf 79' lang='lat' dir='ltr'><strong>nenium</strong></span> <span class='ocrx_word' id='word_1_237' title='bbox 1064 2725 1107 2784; x_wconf 87' lang='lat' dir='ltr'><strong>ad</strong></span> 
     </span>
    </p>

    <p class='ocr_par' dir='ltr' id='par_1_7' title="bbox 73 2808 1104 2975">
     <span class='ocr_line' id='line_1_31' title="bbox 73 2808 1104 2892; baseline -0.008 -16"><span class='ocrx_word' id='word_1_238' title='bbox 73 2809 148 2876; x_wconf 78' lang='lat' dir='ltr'><strong>aoid</strong></span> <span class='ocrx_word' id='word_1_239' title='bbox 170 2817 303 2889; x_wconf 83' lang='lat' dir='ltr'><strong>tempos,</strong></span> <span class='ocrx_word' id='word_1_240' title='bbox 330 2827 388 2889; x_wconf 82' lang='lat' dir='ltr'><strong>quo</strong></span> <span class='ocrx_word' id='word_1_241' title='bbox 409 2809 499 2873; x_wconf 79' lang='lat' dir='ltr'><strong>uobis</strong></span> <span class='ocrx_word' id='word_1_242' title='bbox 514 2831 642 2892; x_wconf 79' lang='lat' dir='ltr'><strong>aequuum</strong></span> <span class='ocrx_word' id='word_1_243' title='bbox 657 2814 760 2892; x_wconf 81' lang='lat' dir='ltr'><strong>possit</strong></span> <span class='ocrx_word' id='word_1_244' title='bbox 772 2813 873 2874; x_wconf 79' lang='lat' dir='ltr'><strong>uideri</strong></span> <span class='ocrx_word' id='word_1_245' title='bbox 884 2811 963 2872; x_wconf 85' lang='lat' dir='ltr'><strong>dore</strong></span> <span class='ocrx_word' id='word_1_246' title='bbox 976 2827 1032 2870; x_wconf 86' lang='lat' dir='ltr'><strong>uos</strong></span> <span class='ocrx_word' id='word_1_247' title='bbox 1047 2808 1104 2868; x_wconf 78' lang='lat' dir='ltr'><strong>oli·</strong></span> 
     </span>
     <span class='ocr_line' id='line_1_32' title="bbox 111 2893 617 2975; baseline 0.008 -21"><span class='ocrx_word' id='word_1_248' title='bbox 111 2911 205 2975; x_wconf 80' lang='lat' dir='ltr'><strong>poam</strong></span> <span class='ocrx_word' id='word_1_249' title='bbox 219 2893 366 2954; x_wconf 79' lang='lat' dir='ltr'><strong>senectuti</strong></span> <span class='ocrx_word' id='word_1_250' title='bbox 376 2912 461 2955; x_wconf 84' lang='lat' dir='ltr'><strong>mene</strong></span> <span class='ocrx_word' id='word_1_251' title='bbox 474 2897 617 2975; x_wconf 81' lang='lat' dir='ltr'><strong>requiem.</strong></span> 
     </span>
    </p>

    <p class='ocr_par' dir='ltr' id='par_1_8' title="bbox 111 2975 1147 3223">
     <span class='ocr_line' id='line_1_33' title="bbox 177 2975 1147 3059; baseline 0 -20"><span class='ocrx_word' id='word_1_252' title='bbox 177 2976 333 3039; x_wconf 83' lang='lat' dir='ltr'><strong>Cunctandi</strong></span> <span class='ocrx_word' id='word_1_253' title='bbox 357 2997 442 3039; x_wconf 90' lang='lat' dir='ltr'><strong>causa</strong></span> <span class='ocrx_word' id='word_1_254' title='bbox 459 2988 522 3040; x_wconf 90' lang='lat' dir='ltr'><strong>erat</strong></span> <span class='ocrx_word' id='word_1_255' title='bbox 544 2991 635 3041; x_wconf 89' lang='lat' dir='ltr'><strong>metus</strong></span> <span class='ocrx_word' id='word_1_256' title='bbox 651 2981 774 3059; x_wconf 88' lang='lat' dir='ltr'><strong>undique</strong></span> <span class='ocrx_word' id='word_1_257' title='bbox 792 2979 993 3039; x_wconf 88' lang='lat' dir='ltr'><strong>imminentium</strong></span> <span class='ocrx_word' id='word_1_258' title='bbox 1008 2975 1147 3039; x_wconf 73' lang='lat' dir='ltr'><strong>discri-to</strong></span> 
     </span>
     <span class='ocr_line' id='line_1_34' title="bbox 111 3059 1107 3141; baseline -0.004 -19"><span class='ocrx_word' id='word_1_259' title='bbox 111 3063 238 3138; x_wconf 90' lang='lat' dir='ltr'><strong>minum,</strong></span> <span class='ocrx_word' id='word_1_260' title='bbox 256 3071 287 3121; x_wconf 92' lang='lat' dir='ltr'><strong>ut</strong></span> <span class='ocrx_word' id='word_1_261' title='bbox 304 3079 394 3139; x_wconf 88' lang='lat' dir='ltr'><strong>saepe</strong></span> <span class='ocrx_word' id='word_1_262' title='bbox 416 3061 520 3141; x_wconf 84' lang='lat' dir='ltr'><strong>lupum</strong></span> <span class='ocrx_word' id='word_1_263' title='bbox 533 3082 568 3125; x_wconf 85' lang='lat' dir='ltr'><strong>se</strong></span> <span class='ocrx_word' id='word_1_264' title='bbox 583 3063 712 3125; x_wconf 82' lang='lat' dir='ltr'><strong>auribus</strong></span> <span class='ocrx_word' id='word_1_265' title='bbox 727 3073 829 3126; x_wconf 84' lang='lat' dir='ltr'><strong>tenere</strong></span> <span class='ocrx_word' id='word_1_266' title='bbox 842 3063 961 3122; x_wconf 87' lang='lat' dir='ltr'><strong>diceret.</strong></span> <span class='ocrx_word' id='word_1_267' title='bbox 991 3059 1063 3123; x_wconf 88' lang='lat' dir='ltr'><strong>Nam</strong></span> <span class='ocrx_word' id='word_1_268' title='bbox 1078 3067 1107 3118; x_wconf 88' lang='lat' dir='ltr'><strong>et</strong></span> 
     </span>
     <span class='ocr_line' id='line_1_35' title="bbox 112 3143 1106 3223; baseline -0.003 -18"><span class='ocrx_word' id='word_1_269' title='bbox 112 3165 217 3206; x_wconf 87' lang='lat' dir='ltr'><strong>servus</strong></span> <span class='ocrx_word' id='word_1_270' title='bbox 231 3145 382 3223; x_wconf 79' lang='lat' dir='ltr'><strong>Agrippae</strong></span> <span class='ocrx_word' id='word_1_271' title='bbox 398 3143 533 3207; x_wconf 79' lang='lat' dir='ltr'><strong>Clemens</strong></span> <span class='ocrx_word' id='word_1_272' title='bbox 546 3150 660 3210; x_wconf 86' lang='lat' dir='ltr'><strong>nomine</strong></span> <span class='ocrx_word' id='word_1_273' title='bbox 674 3166 733 3208; x_wconf 90' lang='lat' dir='ltr'><strong>non</strong></span> <span class='ocrx_word' id='word_1_274' title='bbox 747 3143 981 3207; x_wconf 89' lang='lat' dir='ltr'><strong>contemnendam</strong></span> <span class='ocrx_word' id='word_1_275' title='bbox 996 3161 1106 3204; x_wconf 92' lang='lat' dir='ltr'><strong>manum</strong></span> 
     </span>
    </p>

    <p class='ocr_par' dir='ltr' id='par_1_9' title="bbox 7 3227 1107 3630">
     <span class='ocr_line' id='line_1_36' title="bbox 74 3227 1105 3311; baseline -0.004 -21"><span class='ocrx_word' id='word_1_276' title='bbox 74 3230 142 3291; x_wconf 79' lang='lat' dir='ltr'><strong>asin</strong></span> <span class='ocrx_word' id='word_1_277' title='bbox 158 3230 293 3290; x_wconf 88' lang='lat' dir='ltr'><strong>ultionem</strong></span> <span class='ocrx_word' id='word_1_278' title='bbox 310 3227 414 3288; x_wconf 90' lang='lat' dir='ltr'><strong>domini</strong></span> <span class='ocrx_word' id='word_1_279' title='bbox 430 3242 621 3311; x_wconf 87' lang='lat' dir='ltr'><strong>compararat,</strong></span> <span class='ocrx_word' id='word_1_280' title='bbox 638 3231 711 3292; x_wconf 80' lang='lat' dir='ltr'><strong>etl..</strong></span> <span class='ocrx_word' id='word_1_281' title='bbox 729 3229 895 3291; x_wconf 89' lang='lat' dir='ltr'><strong>Scribonius</strong></span> <span class='ocrx_word' id='word_1_282' title='bbox 912 3229 982 3290; x_wconf 85' lang='lat' dir='ltr'><strong>Libo</strong></span> <span class='ocrx_word' id='word_1_283' title='bbox 998 3230 1042 3288; x_wconf 90' lang='lat' dir='ltr'><strong>vir</strong></span> <span class='ocrx_word' id='word_1_284' title='bbox 1055 3245 1105 3286; x_wconf 92' lang='lat' dir='ltr'><strong>no·</strong></span> 
     </span>
     <span class='ocr_line' id='line_1_37' title="bbox 111 3311 1107 3393; baseline -0.003 -20"><span class='ocrx_word' id='word_1_285' title='bbox 111 3313 181 3374; x_wconf 89' lang='lat' dir='ltr'><strong>bilis</strong></span> <span class='ocrx_word' id='word_1_286' title='bbox 195 3333 243 3375; x_wconf 92' lang='lat' dir='ltr'><strong>res</strong></span> <span class='ocrx_word' id='word_1_287' title='bbox 258 3331 349 3374; x_wconf 91' lang='lat' dir='ltr'><strong>novas</strong></span> <span class='ocrx_word' id='word_1_288' title='bbox 367 3313 438 3374; x_wconf 90' lang='lat' dir='ltr'><strong>clam</strong></span> <span class='ocrx_word' id='word_1_289' title='bbox 453 3315 642 3393; x_wconf 90' lang='lat' dir='ltr'><strong>moliebatur,</strong></span> <span class='ocrx_word' id='word_1_290' title='bbox 662 3323 692 3376; x_wconf 92' lang='lat' dir='ltr'><strong>et</strong></span> <span class='ocrx_word' id='word_1_291' title='bbox 707 3314 815 3393; x_wconf 83' lang='lat' dir='ltr'><strong>duplex</strong></span> <span class='ocrx_word' id='word_1_292' title='bbox 830 3312 930 3373; x_wconf 89' lang='lat' dir='ltr'><strong>seditio</strong></span> <span class='ocrx_word' id='word_1_293' title='bbox 948 3311 1063 3372; x_wconf 88' lang='lat' dir='ltr'><strong>militum</strong></span> <span class='ocrx_word' id='word_1_294' title='bbox 1080 3311 1107 3368; x_wconf 88' lang='lat' dir='ltr'><strong>in</strong></span> 
     </span>
     <span class='ocr_line' id='line_1_38' title="bbox 111 3393 1107 3476; baseline -0.005 -18"><span class='ocrx_word' id='word_1_295' title='bbox 111 3395 234 3474; x_wconf 79' lang='lat' dir='ltr'><strong>Illyrico</strong></span> <span class='ocrx_word' id='word_1_296' title='bbox 252 3399 323 3460; x_wconf 88' lang='lat' dir='ltr'><strong>etin</strong></span> <span class='ocrx_word' id='word_1_297' title='bbox 339 3395 487 3459; x_wconf 82' lang='lat' dir='ltr'><strong>Germania</strong></span> <span class='ocrx_word' id='word_1_298' title='bbox 502 3409 603 3461; x_wconf 88' lang='lat' dir='ltr'><strong>exorta</strong></span> <span class='ocrx_word' id='word_1_299' title='bbox 619 3409 672 3460; x_wconf 88' lang='lat' dir='ltr'><strong>est.</strong></span> <span class='ocrx_word' id='word_1_300' title='bbox 700 3397 882 3476; x_wconf 85' lang='lat' dir='ltr'><strong>Flagitabant</strong></span> <span class='ocrx_word' id='word_1_301' title='bbox 898 3396 980 3457; x_wconf 91' lang='lat' dir='ltr'><strong>ambo</strong></span> <span class='ocrx_word' id='word_1_302' title='bbox 996 3393 1107 3456; x_wconf 83' lang='lat' dir='ltr'><strong>exerci-</strong></span> 
     </span>
     <span class='ocr_line' id='line_1_39' title="bbox 15 3477 1107 3572; baseline -0.005 -30"><span class='ocrx_word' id='word_1_303' title='bbox 15 3559 27 3572; x_wconf 87' lang='lat'><strong>.</strong></span> <span class='ocrx_word' id='word_1_304' title='bbox 112 3491 159 3542; x_wconf 89' lang='lat' dir='ltr'><strong>tus</strong></span> <span class='ocrx_word' id='word_1_305' title='bbox 174 3483 262 3543; x_wconf 88' lang='lat' dir='ltr'><strong>multa</strong></span> <span class='ocrx_word' id='word_1_306' title='bbox 276 3488 358 3543; x_wconf 86' lang='lat' dir='ltr'><strong>extra</strong></span> <span class='ocrx_word' id='word_1_307' title='bbox 374 3480 512 3560; x_wconf 86' lang='lat' dir='ltr'><strong>ordinem,</strong></span> <span class='ocrx_word' id='word_1_308' title='bbox 529 3493 593 3544; x_wconf 90' lang='lat' dir='ltr'><strong>ante</strong></span> <span class='ocrx_word' id='word_1_309' title='bbox 608 3484 701 3544; x_wconf 91' lang='lat' dir='ltr'><strong>omnia</strong></span> <span class='ocrx_word' id='word_1_310' title='bbox 718 3491 749 3543; x_wconf 92' lang='lat' dir='ltr'><strong>ut</strong></span> <span class='ocrx_word' id='word_1_311' title='bbox 766 3491 955 3562; x_wconf 86' lang='lat' dir='ltr'><strong>aequarentur</strong></span> <span class='ocrx_word' id='word_1_312' title='bbox 966 3477 1107 3562; x_wconf 83' lang='lat' dir='ltr'><strong>stipendio</strong></span> 
     </span>
     <span class='ocr_line' id='line_1_40' title="bbox 7 3569 944 3630; baseline -0.004 0"><span class='ocrx_word' id='word_1_313' title='bbox 7 3573 9 3582; x_wconf 87' lang='grc'><strong>’</strong></span> <span class='ocrx_word' id='word_1_314' title='bbox 165 3587 319 3630; x_wconf 83' lang='lat' dir='ltr'><strong>sunnonrus.</strong></span> <span class='ocrx_word' id='word_1_315' title='bbox 925 3569 944 3626; x_wconf 86' lang='lat'><strong>7</strong></span> 
     </span>
    </p>
   </div>
   <div class='ocr_carea' id='block_1_3' title="bbox 0 0 1244 3896">
    <p class='ocr_par' dir='ltr' id='par_1_10' title="bbox 0 0 1244 3896">
     <span class='ocr_line' id='line_1_41' title="bbox 0 0 1244 3896; baseline 0 0"><span class='ocrx_word' id='word_1_316' title='bbox 0 0 1244 3896; x_wconf 95' lang='lat' dir='ltr'><strong> </strong></span> 
     </span>
    </p>
   </div>
  </div>
 </body>
</html>
