2450 3910
500 220 673 270 nuosa.
1033 205 1088 266 201

107 395 160 456 gur
174 375 346 455 procuranti,
358 393 421 434 cum
433 383 500 436 exta
512 375 548 434 de
560 374 689 434 manibus
700 375 796 453 aquila
806 375 950 454 rapuisset
962 383 990 433 et
1002 373 1094 432 infru·

108 461 228 540 giferam
246 476 382 537 quercum
403 459 586 535 contulisset,
608 476 780 538 responsum
802 469 862 535 est,
887 476 1022 519 summum
1043 456 1096 516 sed

108 544 361 621 serumimperiurn
380 543 511 622 portendi
529 543 670 612 familiae;
693 552 721 602 et
738 544 788 603 ille
802 543 923 604 irridens
935 542 1035 618 Some,
1055 544 1095 601 in·

11 621 15 636 '
108 631 177 708 quit,
190 645 257 689 cum
266 627 351 688 mulo
358 628 525 706 pepererit.
563 627 639 688 Nihil
660 645 752 705 aeque
770 638 873 707 postea
886 627 1004 688 Galbam
1028 635 1095 686 tem-

86 721 233 792 sptantem
248 729 296 771 res
311 729 401 771 novas
415 712 593 772 confirmavit
604 730 687 790 quam
699 711 793 772 mulae
805 722 914 790 partus,
932 712 1079 790 ceterisqu

110 806 138 858 ut
149 796 306 856 obscenum
319 805 461 856 ostentum
474 796 706 872 abhorrentibus,
721 795 802 856 solus
813 814 865 874 pro
878 797 1037 856 laetissimo
1051 813 1086 854 ac

110 881 186 960 cepit
197 896 306 940 memor
319 880 452 940 sacriiicii
466 880 591 959 dictique
603 883 659 940 avi.

175 965 292 1042 Sumpta
305 963 378 1038 virili
390 973 470 1042 toga,
483 966 634 1025 somniarit
645 964 800 1025 Fortunam
812 962 963 1039 dicentem,
977 971 1054 1022 stare
1065 981 1097 1022 se

109 1059 173 1111 ante
183 1048 264 1108 lores
276 1047 430 1126 defessam,
446 1057 476 1109 et
486 1051 540 1109 nisi
552 1051 633 1109 ocius
644 1052 840 1127 reciperetur,
860 1048 1028 1125 cuicumque
1048 1045 1098 1105 ob·

11 1161 39 1237 l²
75 1145 100 1188 to
111 1135 157 1194 rio
171 1131 295 1212 praedae
309 1131 454 1198 futuram,=
473 1134 568 1211 thue
586 1133 752 1210 evigilavitl
770 1140 872 1209 aperto
894 1131 965 1190 atrio
985 1130 1098 1190 simula·

111 1236 188 1279 orum
205 1234 325 1276 aeneum
345 1215 417 1276 deae
435 1216 550 1277 cubitali
566 1217 656 1276 maius
674 1217 751 1276 iuxta
769 1216 855 1278 limen
873 1214 996 1290 invenit,
1013 1213 1099 1291 idque

110 1303 220 1381 gremio
236 1317 288 1360 suo
304 1299 474 1378 Tusculum,
493 1299 541 1360 ubi
563 1303 707 1360 aestivare
728 1308 894 1376 consuerat,
914 1301 1011 1359 averit
1029 1307 1058 1358 et
1071 1298 1100 1355 iu

66 1377 76 1386 ”
111 1395 193 1465 parte
211 1383 322 1444 aedium
344 1395 542 1451 consecratum
560 1385 713 1443 menstruis
732 1383 871 1462 deinceps
884 1382 1099 1461 supplicationi·

109 1470 164 1529 bus
178 1477 207 1527 et
219 1466 374 1545 pervigilio
390 1469 588 1528 anniversario
603 1467 700 1528 coluit.

74 1574 100 1614 rc
170 1551 346 1628 Quaruquam
358 1562 450 1613 autem
465 1551 588 1612 nondum
600 1560 694 1612 aetate
709 1553 866 1629 constanti,
886 1559 1015 1610 veterem
1031 1549 1099 1609 civi-

111 1639 177 1698 tatis
194 1635 397 1714 exoletumque
416 1654 526 1696 morem
543 1656 577 1697 ac
595 1647 700 1696 tantum
720 1639 749 1696 in
767 1637 851 1697 domo
871 1655 922 1694 sua
934 1634 1099 1695 haerentem

111 1719 334 1780 obstinatissime
345 1721 475 1799 retinuit,
488 1731 518 1780 ut
535 1721 630 1781 liberti
647 1722 784 1799 servique
804 1721 849 1780 bis
868 1720 913 1780 die
931 1719 1100 1796 frequentes
1115 1729 1119 1747 ··

111 1804 247 1865 adesseut
259 1821 293 1863 ac
304 1821 387 1865 mane
399 1806 524 1882 salvere,
536 1807 654 1886 vesperi
666 1804 764 1866 valere
776 1805 830 1865 sibi
844 1804 948 1881 singuli
961 1802 1099 1862 dicerent.

11 1918 20 1928 ··
111 1888 189 1949 luter
205 1886 342 1948 liberales
359 1889 526 1968 disciplinas
545 1890 663 1950 attendit
680 1898 709 1949 et
724 1890 787 1948 iuri.
821 1889 906 1948 Dedit
919 1897 947 1946 et
959 1885 1128 1952 manino-5

68 1984 101 2028 ²⁰
113 1974 161 2032 nio
179 1989 312 2051 operam;
332 1990 445 2048 verum,
467 1974 570 2033 amissa
590 1991 682 2034 uxore
698 1973 806 2050 Lepida
823 1972 993 2048 duobusque
1011 1988 1049 2030 ex
1067 1987 1102 2028 ea

112 2057 192 2132 iuliis,
211 2056 347 2115 remansit
363 2057 391 2115 in
404 2055 561 2132 caelibatu,
580 2076 675 2135 neque
694 2057 842 2132 sollicitari
862 2056 919 2115 ulla
934 2053 1103 2114 condicione

112 2140 234 2218 amplius
248 2140 349 2218 potuit,
362 2158 397 2199 ne
412 2141 593 2218 Agrippinae
613 2138 742 2218 quidem,
756 2141 887 2200 viduatae
902 2146 994 2199 morte
1004 2137 1102 2196 Domi·

111 2225 159 2300 tii,
182 2241 256 2303 quac
279 2224 409 2284 maritum
429 2242 544 2302 quoque
568 2223 658 2284 adhuc
678 2224 800 2284 necdum
823 2223 963 2284 caelibem
985 2219 1103 2284 Galbam

114 2307 188 2370 adeo
209 2307 339 2367 omnibus
357 2309 563 2368 sollicitaverat
577 2308 685 2385 modis,
704 2317 733 2368 ut
750 2311 778 2368 in
802 2317 945 2370 conventu
963 2315 1102 2366 matrona·

68 2410 176 2460 aarum
195 2400 331 2470 correpta
355 2393 448 2471 iurgio
465 2401 550 2470 atque
573 2394 656 2452 etiarn
681 2411 765 2454 manu
787 2393 900 2472 pulsata
919 2392 989 2450 sita
1013 2398 1103 2450 matre

108 2475 249 2553 Lepidae.
370 2543 372 2549 ¹

179 2557 352 2618 observarit
366 2569 431 2619 ante
447 2562 537 2620 omnis
554 2561 662 2622 Liviam
679 2561 855 2638 Augustam,
876 2562 955 2620 ouius
973 2569 1002 2621 et
1020 2560 1104 2618 vivae

114 2643 208 2721 gratia
228 2642 377 2720 plurimum
394 2644 483 2704 valuit
501 2654 530 2704 et
551 2655 681 2706 mortuae
698 2655 868 2706 testamento
887 2663 980 2724 paene
1002 2643 1106 2703 ditatus

116 2736 175 2795 est;
188 2728 351 2786 sestertium
364 2745 486 2806 namque
502 2731 685 2808 quingenties
699 2743 764 2791 cum
774 2731 961 2809 praecipuum
975 2730 1048 2786 inter
1063 2725 1104 2784 le·
1212 2793 1213 2802 χ

70 2826 103 2870 eo
115 2810 244 2888 gatarios
256 2809 412 2889 habuisset,
425 2813 491 2890 quia
502 2823 598 2874 notata
610 2832 667 2874 uon
681 2823 843 2893 perscripta
855 2822 916 2874 erat
925 2829 1043 2885 summa,
1055 2808 1104 2868 be·

116 2893 187 2954 rede
200 2893 317 2955 'liberio
328 2895 454 2975 legatum
466 2897 502 2956 ad
514 2898 669 2976 quingenta
682 2908 850 2975 revocante,
864 2916 900 2958 uc
911 2893 1105 2972 haecquidem
1144 2901 1146 2908 ’

117 2979 240 3058 accepit.

179 3060 345 3122 Honoribus
370 3073 435 3123 ante
458 3065 615 3142 legitimum
638 3076 750 3144 tempus
777 3067 869 3142 initis,
890 3072 1007 3144 praetor
1030 3073 1135 3127 com-6
1212 3055 1213 3064 ¹

117 3144 255 3205 missione
272 3145 402 3208 ludorum
419 3144 574 3209 Floralium
600 3168 704 3210 novum
731 3149 891 3229 spectaculi
909 3165 1019 3226 genus,
1047 3145 1106 3206 ele-

70 3247 104 3290 os
118 3227 242 3308 phantos
255 3230 452 3310 funambulos,
465 3233 565 3302 edidit;
586 3235 652 3294 exin
666 3236 833 3312 provinciae
847 3233 1018 3312 Aquitaniae
1034 3246 1107 3290 anno

117 3313 182 3373 iere
201 3315 341 3392 praefuit:
365 3334 433 3376 mox
457 3317 635 3377 consulatum
658 3336 711 3395 per
730 3336 784 3377 sex
805 3335 921 3377 menses
938 3316 1109 3376 ordinarium

118 3401 222 3480 gessit,
236 3401 390 3478 evenitque
403 3409 432 3459 ot
444 3401 472 3459 in
485 3419 521 3460 eo
540 3401 782 3479 ipseb.¹Domitio
801 3404 874 3480 patri
890 3400 1033 3478 Neronis,
1053 3399 1109 3476 ipsi
1138 3447 1144 3460 .
1162 3405 1181 3460 t,

118 3479 234 3540 Salvius
246 3480 321 3540 Otho
333 3493 417 3562 pater
435 3482 556 3544 Othonis
574 3476 755 3563 succederet,
768 3486 848 3547 velut
868 3487 1052 3566 praesagium
1069 3485 1107 3542 in-
