2466 3896
457 239 561 286 arvus
579 237 761 288 canonius
1049 228 1109 286 155
1148 253 1151 260 ·

112 401 199 454 tatem
215 395 355 472 integram
378 403 545 472 ostentans,
569 404 678 455 mutare
696 395 821 456 habitum
841 396 959 474 saepius
980 403 1009 454 et
1025 401 1111 472 prout

113 487 297 539 accusaretur
311 478 571 556 defenderetnrve,
587 480 678 539 iussit.
700 479 744 540 De
756 478 878 560 quodam
892 481 976 538 etiam
991 478 1109 556 negotio

5 631 6 636 η
113 564 151 623 ita
169 581 206 623 ex
221 562 327 622 tabella
348 565 550 642 pronuntiasse
567 563 708 639 creditur,
729 561 895 624 semudum
913 581 967 623 eos
986 579 1020 623 se
1040 579 1107 622 sea-

5 647 16 666 ”
113 648 186 724 tire,
202 648 343 726 quivena
356 647 601 726 proposuissent.
621 646 745 726 Propter
758 666 831 727 quae
845 665 937 726 usqne
949 665 984 707 eo
1000 647 1108 723 eviluit,

92 741 143 791 tut
170 733 275 811 passim
300 749 335 792 ac
354 731 505 811 propalam
524 733 699 810 contemptui
713 741 800 791 esset.
828 731 979 792 Excusans
997 731 1110 811 quidam

113 825 216 877 testem
230 835 247 875 e
262 818 411 895 provincia
423 816 458 875 ab
471 834 507 877 eo
520 824 654 875 vocatum
664 817 783 892 negavit
798 825 914 894 praesto
929 834 995 875 esse
1007 835 1109 896 posse,

113 900 286 962 dissimulata
302 900 349 960 diu
365 918 465 970 causa;
483 919 518 961 ac
534 909 600 980 post
616 900 719 978 longas
737 898 848 958 demum
865 902 1111 977 interrogationes

5 1021 13 1038 ι
113 984 254 1046 Mortuus
269 992 329 1060 cst,
345 987 450 1065 inquit:
465 992 556 1063 pato,
573 984 667 1046 lt'cus‘t.
689 983 772 1043 Alius
786 985 895 1060 gratias
910 1002 1016 1062 agens,
1034 984 1111 1063 quod

113 1088 192 1130 reum
208 1068 324 1128 defendi
341 1078 503 1146 pateretur,
519 1068 639 1129 adiecit:
661 1067 702 1128 Et
718 1076 819 1130 tamea
831 1067 903 1146 fieri
919 1068 1007 1129 colet.
1036 1068 1110 1127 Illud

79 1167 104 1210 ιο
114 1170 228 1234 quoqne
244 1171 260 1212 a
276 1154 431 1213 maioribus
446 1163 512 1213 natu
527 1152 693 1230 audiebam,
712 1153 784 1213 adeo
800 1150 962 1212 causidicos
974 1154 1110 1230 patientia

114 1240 175 1299 eius
196 1237 298 1298 solitos
324 1236 417 1314 abuti,
445 1246 474 1296 ut
498 1236 723 1297 descendentem
744 1255 760 1297 e
784 1237 917 1297 tribunali
938 1252 996 1296 non
1019 1236 1110 1295 solum

112 1339 187 1383 voce
202 1329 390 1398 revocarent,
407 1321 459 1380 sed
474 1330 502 1380 et
517 1321 620 1381 lacinia
635 1329 723 1399 togae
737 1330 865 1399 retenta
881 1320 1022 1380 interdum
1035 1318 1109 1399 pede
1172 1344 1175 1348 ·

114 1406 297 1487 apprehenso
305 1405 475 1464 detinerent
490 1405 578 1464 Acne
587 1424 632 1465 cur
625 1405 861 1502 haecmrrasmt,
876 1404 1014 1482 litigatori
1022 1404 1108 1465 Grae

115 1491 180 1550 culo
195 1490 485 1550 voxinaltercatione
501 1489 621 1550 excidit:
638 1483 706 1550 Kal
717 1502 760 1550 aa
749 1479 881 1590 γέρων
894 1479 1108 1569 εῖκαὶμωρός.

40 1641 43 1644 ,
77 1575 245 1654 quurtom
260 1573 373 1652 quidem
388 1574 547 1635 Romanum
562 1573 775 1634 obscenitatis
766 1594 795 1635 nn
811 1575 931 1636 femmas
946 1592 1042 1649 reum
1058 1571 1111 1631 sed

112 1659 187 1719 ialso
207 1667 236 1717 et
251 1657 285 1717 ab
304 1659 532 1737 impotentibus
523 1659 643 1718 mimicis
661 1661 786 1720 conlicto
803 1662 935 1736 crimine,
959 1661 1028 1718 satis
1043 1674 1109 1717 con·

113 1751 181 1818 stat,
205 1759 267 1800 cum
289 1751 385 1802 scorta
407 1745 554 1804 meritoria
575 1744 655 1804 citari
676 1743 816 1804 adversus
838 1763 871 1804 se
892 1753 921 1804 et
943 1743 1034 1803 audiri
1056 1759 1109 1821 pro

112 1827 275 1885 testimonio
290 1825 410 1903 videret,
425 1828 575 1908 graphium
588 1837 617 1886 et
626 1828 753 1905 libellos,
767 1844 840 1908 quos
850 1828 966 1889 tenebat
978 1829 1007 1886 in
1016 1845 1109 1902 manu,

112 1911 152 1970 ita
168 1926 230 1968 oum
244 1927 347 2008 magna
365 1911 501 1971 stultitiae
517 1921 546 1970 et
564 1913 700 1972 saevitiae
717 1911 944 1990 exprobratione
959 1913 1067 1971 iecisse
1081 1912 1110 1968 in

78 2007 103 2047 ιο
113 1994 217 2054 faciem
235 1995 312 2070 eius,
331 2003 361 2052 ut
375 2012 479 2071 genam
495 2011 552 2054 non
568 1995 672 2054 leviter
687 1997 898 2074 perstrinxerit.

8 2131 73 2164 ,Η
62 2102 95 2156 p
177 2077 307 2138 Gessrtet
319 2096 484 2155 censuram
497 2079 685 2140 intermissam
695 2079 741 2138 diu
755 2088 822 2156 post
833 2079 968 2139 Plancum
979 2076 1108 2137 Paulum-
1120 2084 1153 2139 16

18 2186 97 2240 Ι,ιιι
115 2180 170 2241 que
192 2179 345 2232 censores;
373 2161 426 2222 sed
446 2161 519 2222 hanc
541 2179 657 2241 quoque
684 2162 903 2242 inaequabiliter
922 2162 1061 2240 varioque
1083 2169 1132 2220 et
1137 2169 1160 2196 ⁴·

10 2317 20 2330 ⁴
114 2249 207 2306 animo
223 2257 251 2306 et
266 2255 380 2306 eventu.
414 2247 628 2323 Recognitione
645 2248 769 2327 equitum
786 2249 918 2307 iuvenem
935 2246 1034 2326 probri
1048 2245 1110 2326 ple-

114 2349 195 2407 num,
222 2331 274 2390 sed
300 2349 384 2410 quem
406 2340 489 2409 pater
510 2330 741 2409 probatissimum
765 2331 821 2390 sibi
844 2331 1019 2408 affirmabat,
1049 2332 1111 2390 sinu¹

78 2434 103 2474 aa
114 2415 268 2494 ignominia
280 2414 399 2491 dimisit,
414 2413 529 2476 babere
539 2415 639 2475 dicens
654 2433 811 2484 censorem
822 2435 930 2487 saura·
947 2416 1032 2476 alium
1047 2431 1111 2474 cor-

114 2500 233 2579 ruptelis
256 2500 461 2578 adulteriisque
487 2500 627 2560 famosum
648 2501 716 2560 nihil
739 2501 860 2580 amplius
884 2518 966 2581 qnam
993 2499 1110 2572 monuit,

113 2591 147 2645 ut
163 2591 216 2644 aut
226 2584 359 2662 parcius
375 2583 532 2644 aetatulae
547 2583 720 2664 indulqeret
735 2585 1040 2653 anturnacensium
1063 2581 1109 2640 ad-

5 2667 7 2680 '
114 2668 255 2747 diditque:
280 2666 386 2740 Quare
400 2668 477 2728 caim
494 2686 549 2747 eqo
563 2669 645 2743 scio,
663 2686 754 2748 quam
769 2671 900 2731 amicam
914 2668 1055 2729 babeas?
1074 2664 1111 2723 Et

115 2761 193 2830 cum·,
221 2754 366 2813 orantibus
389 2753 591 2830 familiaribus,
620 2752 793 2833 dempsisset
819 2754 928 2814 cuidam
950 2751 1111 2830 appositam

77 2852 103 2893 ao
113 2847 224 2913 notam,
238 2834 349 2897 Litura
359 2844 475 2913 tamea,
489 2839 592 2916 inquit,
610 2839 709 2899 catat!
722 2838 907 2916 Splendidam
920 2837 1009 2895 virum
1024 2833 1109 2895 (ime-

114 2922 234 3000 ciaeque
254 2923 422 2999 provinciae
444 2923 619 3001 principem,
644 2940 745 2981 verum
767 2922 856 2982 Latini
873 2921 1013 2980 sermonis
1030 2920 1109 2994 igna-

112 3025 189 3082 rum,
213 3023 270 3064 non
291 3005 377 3065 modo
400 3005 466 3065 albo
491 3005 614 3065 iudicum
636 3007 737 3083 erasit,
762 3005 858 3066 sedin
875 3004 1111 3084 peregrinitatem

111 3089 236 3168 redegit.
255 3089 319 3149 Neo
335 3107 505 3168 quemquam
519 3092 572 3150 nisi
589 3110 639 3151 sna
653 3109 737 3167 voce,
752 3099 904 3168 utcumque
920 3089 983 3165 quis
998 3093 1110 3165 posset,

112 3191 148 3234 ac
163 3175 224 3232 sine
241 3183 362 3252 patrono
382 3177 523 3234 rationem
544 3177 620 3234 vitae
636 3192 739 3254 passus
762 3183 807 3234 est
828 3172 961 3233 reddere.
983 3171 1111 3232 Notavit·

77 3276 102 3316 as
112 3277 170 3338 que
185 3257 305 3334 multos,
322 3267 351 3318 et
367 3258 505 3337 quosdam
519 3259 691 3338 inopinantis
705 3267 735 3318 et
751 3277 788 3318 ex
801 3276 887 3318 causa
900 3259 969 3316 novi
981 3258 1110 3336 generis,

113 3340 191 3422 quod
206 3360 239 3401 se
255 3341 346 3402 inscio
363 3361 398 3402 ac
416 3345 477 3402 sine
500 3353 659 3404 commeatu
682 3342 764 3403 ltalia
784 3342 995 3412 excessissent;
1024 3360 1110 3423 quen-

5 3503 6 3506 Ἴ
29 3497 31 3508 Ι
112 3426 178 3486 dam
192 3445 263 3486 uero
281 3435 310 3485 et
326 3426 404 3507 quod
419 3444 517 3486 comes
531 3429 612 3504 regis
627 3429 654 3486 in
672 3428 820 3505 provincia
834 3427 953 3504 inisset,
969 3426 1111 3499 referens,

5 3511 9 3522 '
111 3512 250 3572 maiorum
267 3510 444 3590 temporibus
464 3511 583 3572 Rabirio
599 3511 752 3591 Postumo,
776 3512 972 3574 Ptolemaeum
985 3511 1112 3572 Alexan·
