2392 3926
258 278 535 327 nnunnmuonunr
556 278 737 326 nrssonunr
760 275 960 336 sumamus.
1047 263 1108 327 309
1187 315 1188 318 ,

110 434 293 510 rediguntur,
321 433 441 493 sublatis
473 436 515 508 ia,
540 432 671 511 adposita
692 432 836 508 elittera,
865 431 1002 510 quidquid
1022 432 1110 491 iuerit

112 516 368 596 respondebimus,
392 526 422 575 ut
436 516 600 594 specularia
617 517 780 594 speculare,
808 515 946 576 cocliaria
969 515 1108 576 cocliare.

172 600 250 660 lnter
263 601 321 660 hoo
336 610 365 660 et
381 601 455 679 huc]
474 600 531 660 hoc
548 618 708 678 pronomen
724 600 874 660 masculini
895 609 924 658 et
949 601 1042 659 neutri
1056 617 1108 678 ge·

111 686 190 744 neris
207 703 292 744 casus
308 684 465 761 ablativus,
481 683 538 743 huc
555 684 721 746 adverbium
737 693 782 744 est
797 684 864 743 loci.
903 684 962 744 Sed
976 684 1110 744 videntur

88 785 211 830 serrare
227 769 275 847 qui
288 768 346 828 hoc
360 767 529 828 adverbium
544 769 602 828 loci
614 776 714 847 putant
723 786 801 848 esse,
809 768 992 847 [quamquam
1003 768 1109 828 dixerit

110 853 265 931 Virgilius:
292 852 350 913 boc
369 853 444 913 illue
464 852 635 913 vinclorum
656 852 787 912 inmisso
807 851 965 912 volumino
978 851 1108 930 versat]

112 937 224 1011 Quodsi
237 936 294 995 boc
309 936 476 996 adverbium
490 945 535 996 est
550 937 627 1014 loci,
643 936 777 996 dicimus:
796 936 873 1015 quod
889 945 934 994 est
948 953 1109 1014 pronomen

111 1022 140 1081 id
158 1021 213 1079 erit
227 1019 402 1080 adverbium.

175 1104 254 1163 lnter
268 1102 408 1163 oliensam
424 1113 453 1162 et
468 1104 669 1184 offensionem]
691 1104 802 1164 oliensa
816 1120 921 1164 nomen
936 1112 981 1164 est
996 1105 1049 1181 rei,
1065 1104 1108 1164 oi·

77 1214 102 1256 10
112 1190 206 1250 lensio
224 1187 343 1265 culpae,
358 1197 501 1265 tamquam
514 1197 582 1248 nota
598 1199 626 1248 et
640 1189 764 1256 notatim
781 1197 849 1247 nota
860 1189 935 1248 enim
949 1204 1055 1247 nomen
1065 1189 1109 1248 rei

112 1281 174 1349 est,
189 1273 297 1330 notatio
317 1273 392 1331 actio
408 1273 543 1331 notantis.

173 1355 253 1416 Inter
272 1363 383 1433 patrem
405 1364 435 1414 et
455 1356 615 1435 parentem]
647 1365 732 1434 pater
756 1365 801 1416 est
822 1356 941 1415 alicuius
957 1354 987 1431 ³⁵,
1003 1371 1109 1432 parens

111 1439 160 1500 vel
175 1439 320 1499 masculus
344 1439 393 1498 vel
413 1439 534 1508 lemina;
557 1439 634 1518 quod
649 1441 724 1500 inter
745 1442 897 1518 coniugem
913 1450 942 1499 et
961 1441 1053 1498 virum
1068 1440 1109 1497 in·

111 1533 220 1598 terest,
235 1522 293 1582 boc
307 1523 382 1582 inter
403 1532 553 1602 parentem
576 1533 606 1584 ει
621 1533 753 1601 patrem;
773 1526 878 1584 coniux
897 1533 1019 1601 uterque
1040 1523 1109 1583 dici·

78 1629 102 1672 ιι
112 1619 177 1686 tur,
193 1609 238 1666 vir
252 1608 300 1685 qui
314 1607 430 1667 maritus
446 1616 500 1667 εει.
549 1607 591 1668 lta
614 1617 643 1668 et
662 1626 767 1686 parens
784 1619 924 1687 uterque,
940 1607 1015 1666 alter
1031 1605 1109 1687 qnod

112 1709 200 1752 causa
215 1693 250 1751 sit
264 1701 380 1770 partus,
397 1691 473 1751 alter
487 1692 566 1770 quod
581 1692 712 1770 pariendi
726 1691 832 1752 babeat
843 1693 1001 1751 materiam.

173 1775 358 1836 lnter'velle
391 1786 420 1835 et
449 1776 568 1855 cupere]
594 1779 642 1854 qui
663 1776 724 1835 vult
744 1793 802 1834 non
830 1777 927 1854 cupit,
961 1775 1009 1852 qui
1030 1776 1109 1854 cupit

113 1861 198 1921 etiam
212 1859 283 1918 vult.

172 1941 226 2002 llic
247 1961 283 2003 an
308 1941 383 2001 haec
398 1942 489 2021 grex]
515 1959 715 2021 quaecumque
738 1942 940 2027 monosyllaba
969 1952 1109 2018 correpta

75 2049 102 2090 so
111 2027 243 2087 liniuntur
256 2045 276 2085 x
299 2026 414 2100 littera,
435 2025 570 2086 feminina
588 2034 652 2086 sunt
667 2035 712 2086 ut:
730 2029 780 2085 nix
795 2027 845 2105 pix
859 2045 917 2085 nux
939 2044 1010 2085 crux
1024 2045 1107 2104 grex.

175 2109 328 2189 Conplicui
343 2127 379 2169 an
396 2109 579 2188 conplicavi]
596 2109 741 2188 triplicari
757 2119 787 2170 et
800 2110 1036 2189 quadruplicavi‚
1051 2127 1109 2168 non

110 2195 236 2273 triplicui
252 2203 282 2254 ει
296 2193 495 2272 quadruplicui
517 2211 572 2252 nec
591 2193 753 2272 complicui,
778 2203 807 2252 et
828 2212 884 2253 nec
900 2193 1018 2253 dicimus
1040 2211 1108 2252 con·

110 2280 193 2357 plicit
207 2279 261 2339 sed
276 2277 430 2356 conplicat.

175 2362 296 2422 Duobus
313 2371 342 2420 et
356 2359 507 2439 ambobus]
532 2360 622 2420 ambis
638 2361 848 2437 si'dixerimus,
863 2360 993 2438 ambigua
1010 2370 1056 2420 est
1071 2363 1108 2420 si·

76 2446 275 2524 mgniiicati03
291 2443 354 2506 duis
371 2461 465 2524 aeque
482 2445 557 2505 aliud
572 2444 746 2521 significabit
759 2444 837 2524 quod
857 2454 902 2504 est
918 2444 953 2504 de
974 2445 1044 2512 situ:
1065 2445 1108 2505 iu·

112 2529 247 2608 giendum
268 2528 353 2588 nobis'
375 2537 421 2587 est
442 2529 500 2588 hoc
519 2529 615 2587 vitium
631 2528 831 2606 ambiguitatis.
858 2527 941 2588 Nunc
958 2530 1043 2588 etiam
1057 2548 1108 2588 ne·

113 2631 200 2672 cesse
223 2622 269 2672 est
279 2611 363 2670 nobis
385 2621 415 2670 ut
435 2611 561 2671 dicamus
579 2612 632 2671 bos
648 2613 722 2687 duo,
743 2614 808 2691 quia
823 2613 848 2672 si
865 2612 1019 2672 dixerimus
1035 2613 1108 2673 duos

112 2697 196 2757 locos
211 2696 303 2772 talos,
318 2711 443 2755 necesse
458 2704 503 2754 est
517 2696 616 2756 dicere
631 2695 693 2755 duis
709 2705 739 2756 ει
753 2696 827 2755 ambi
841 2706 871 2756 ut
888 2697 969 2766 mali;
991 2697 1034 2755 sic
1048 2695 1108 2756 adi·

113 2781 222 2840 ciemus
243 2780 299 2840 duo
322 2788 351 2838 et
373 2777 473 2855 ambo,
491 2789 521 2839 nt
537 2779 592 2839 duo
607 2780 719 2840 duobus
735 2789 764 2840 et
779 2780 861 2840 ambo
880 2779 1030 2840 ambobus.

76 2878 103 2921 ao
175 2863 262 2924 Ficus
278 2862 413 2941 aulicos}
432 2863 503 2924 licus
525 2865 663 2941 arbores,
684 2864 757 2924 licos
775 2881 860 2943 poma
881 2865 1017 2940 dicimus,
1037 2863 1108 2923 licus

111 2957 255 3027 tamquam
270 2964 368 3006 manns
382 2964 471 3023 auus,
492 2947 564 3006 iicos
578 2957 720 3028 tamquam
736 2948 829 3008 favos.

175 3031 311 3092 Decurrit
326 3049 362 3090 an
378 3029 541 3091 decucurrit
553 3041 635 3092 recte
650 3032 789 3112 dicamus]
803 3050 924 3111 eaquae
938 3032 1109 3109 geminanda

114 3115 293 3176 ernntverba
311 3116 450 3193 temporis
463 3117 637 3194 praesentis,
653 3115 1107 3195 praeteritotemporeunamsvl·

113 3199 208 3259 labam
222 3199 377 3277 accipient,
392 3207 535 3277 tamqnam
549 3202 637 3260 currit
649 3201 783 3276 cucurrit,
799 3199 923 3278 spondet
938 3200 1105 3278 spopondit.

78 3283 154 3342 ³⁶At
170 3301 232 3342 cnm
253 3282 431 3362 praepositio
447 3285 623 3360 accesserit,
644 3285 768 3362 perdent
790 3283 946 3360 syllabam,
964 3293 1106 3362 tamquam

7 3381 11 3396 ι
116 3365 306 3427 decurritnon
318 3365 492 3442 decucurrit,
501 3375 530 3426 ει
540 3367 694 3447 despondit
708 3385 764 3427 non
773 3367 977 3447 despopondit.
993 3367 1057 3428 Hoc
1067 3371 1106 3427 ita

115 3467 213 3509 verum
228 3452 292 3525 erit,
309 3450 403 3508 sinon
417 3449 483 3528 plus
491 3450 615 3529 qnamV.
623 3453 767 3530 accipient
781 3453 1028 3532 praepositiones;
1042 3469 1106 3510 narn

117 3549 179 3590 cum
194 3533 231 3592 sit
244 3532 372 3607 mordet,
398 3543 427 3593 et
441 3533 511 3595 iacit
524 3536 676 3596 momordit
692 3555 747 3597 nec
761 3546 855 3598 tamen
869 3537 939 3597 facit
954 3536 1104 3597 demordit.
