2466 3896
145 179 203 240 112
225 190 255 238 0.
271 189 423 238 SUETONI
441 188 569 248 TRANQ.
585 189 633 236 DE
649 189 731 236 VITA
746 188 930 236 chasanum
945 189 1015 236 LIB.
1031 188 1082 238 ΙΙΙ,

141 348 191 406 tim
207 364 241 406 se
255 345 331 406 domi
344 344 565 405 vulneraverunt
578 347 650 406 certi
661 345 848 406 damnationis
865 352 893 404 et
907 342 944 406 ad
957 343 1142 403 vexationem

141 430 383 508 ignominiamque
391 427 546 504 vitandam,
555 431 657 506 partim
671 431 700 489 in
713 426 807 488 media
822 429 902 489 curia
917 445 1059 489 venenum
1073 426 1142 486 hau·

141 522 254 584 seruut;
277 521 307 574 et
327 522 421 574 tamen
442 513 596 591 conligatis
618 512 784 574 vulneribus
799 530 834 572 ac
850 513 1031 572 semianimes
1048 509 1141 590 palpi-

140 607 293 677 tantesque
313 596 406 659 adhuc
425 599 454 656 in
472 614 620 659 carcerem
640 599 724 676 rapti.
752 595 845 657 Nemo
860 598 1023 676 punitorum
1037 612 1096 656 non
1113 595 1143 653 in

141 683 296 746 Gemonias
316 681 447 743 abiectus
468 699 602 760 uncoque
623 689 749 760 tractus,
772 682 874 760 viginti
896 698 953 741 uuo
971 679 1018 740 die
1033 679 1164 741 abiectis

140 767 298 845 tractique,
325 767 399 827 inter
426 784 479 826 eos
502 766 626 827 feminae
649 775 679 826 et
699 767 792 846 pueri.
821 766 991 827 Immaturae
1012 763 1141 844 puellae,

142 853 208 931 quia
228 868 309 911 more
333 850 438 910 tradito
459 850 543 910 uelas
563 859 644 910 esset
663 852 793 928 virgines
814 850 1004 928 strangulari,
1025 849 1142 909 vitiatae

142 937 222 1016 prius
237 953 253 996 a
269 935 421 1013 carniiice,
442 934 508 996 dein
523 935 730 1012 strangulatae.
766 935 841 996 Mori
855 934 1019 996 volentibus
1033 933 1078 993 vis
1092 931 1141 993 ad·
1228 981 1231 996 ,

140 1019 229 1080 hibita
255 1018 381 1078 vivendi.
412 1018 485 1080 Nam
503 1029 625 1080 mortem
641 1018 714 1079 adeo
735 1020 801 1080 leve
822 1019 995 1099 supplicium
1010 1017 1142 1097 putabat,
1205 1033 1211 1056 ι

140 1114 171 1164 ut
195 1122 257 1164 cum
274 1103 402 1164 audisset
416 1122 501 1164 unum
515 1122 531 1162 e
545 1105 620 1181 reis,
644 1101 797 1164 Carnulum
812 1105 942 1181 nominc,
965 1105 1141 1181 anticipasse
1152 1120 1175 1161 ιι

142 1207 220 1265 eam,
241 1187 464 1249 exclamaverit:
494 1185 652 1249 Carsulas
669 1205 717 1248 mc
739 1189 846 1250 euasit.
885 1187 922 1247 Et
942 1189 970 1246 in
994 1203 1141 1263 recogno·

141 1273 256 1334 scendis
285 1271 422 1332 custodiis
449 1274 579 1352 precanti
605 1272 716 1333 cuidam
740 1290 853 1353 poenae
875 1273 1065 1332 maturitatem
1093 1287 1141 1329 re·

140 1356 275 1436 spondit:
293 1354 436 1417 Nondum
457 1363 554 1417 tecum
573 1357 606 1418 in
623 1357 760 1437 qratiam
776 1356 867 1417 redii.
899 1354 1059 1416 Annalibus
1079 1353 1142 1414 suis

139 1444 185 1500 vir
208 1439 368 1500 consularis
388 1440 521 1516 inseruit,
544 1441 689 1520 frequenti
709 1441 852 1520 quondam
873 1440 1028 1516 conuiuio,
1053 1440 1098 1499 cui
1111 1446 1142 1497 et
1216 1501 1231 1520 ι,

140 1527 205 1604 ipse
219 1523 347 1602 alluerit,
369 1525 576 1601 interrogatum
589 1543 654 1586 eum
668 1525 762 1587 subito
778 1534 808 1587 et
821 1526 900 1587 clare
915 1543 932 1586 a
948 1524 1072 1603 quodam
1087 1541 1136 1582 na·
1151 1547 1176 1587 sa

84 1651 87 1661 ι
139 1626 178 1668 uo
204 1617 315 1668 astante
338 1626 456 1668 mensae
479 1610 552 1668 inter
574 1627 715 1690 copreae,
742 1629 792 1672 cur
814 1609 957 1671 Paconius
981 1606 1139 1668 maiestatis

139 1711 208 1752 rens
228 1700 284 1752 tam
305 1690 351 1750 diu
368 1692 493 1769 viveret,
517 1689 612 1753 statim
627 1695 741 1772 quidem
757 1693 941 1772 petulantiam
955 1694 1072 1771 linguae
1088 1689 1139 1751 ob·
1230 1753 1231 1758 ,

140 1779 288 1854 longaeac,
315 1784 442 1836 ceterum
462 1785 529 1855 post
551 1795 662 1856 paucos
677 1778 740 1838 dies
755 1777 910 1857 scripsisse
925 1778 1036 1838 senatui
1052 1784 1082 1835 ut
1102 1773 1139 1834 de
1229 1785 1231 1796 ⁴

142 1877 237 1939 poena
253 1858 362 1920 Paconi
379 1878 462 1938 quam
478 1863 598 1940 primum
613 1871 761 1924 statueret.
1230 1911 1231 1921 ,

98 1951 132 2006 62
203 1944 291 2004 Auxit
306 1944 482 2024 intenditque
494 1947 656 2025 saevitiam,
673 1947 864 2008 exacerbatus
878 1945 984 2006 indicio
997 1944 1032 2005 de
1045 1953 1139 2004 morte
1148 1968 1175 2010 ao
1229 2011 1230 2017 ἵ

140 2028 191 2090 lilii
212 2029 256 2090 sui
277 2027 373 2089 Drusi.
410 2030 502 2104 Quem
525 2049 589 2091 cum
610 2032 712 2092 morbo
734 2039 764 2092 et
785 2031 1005 2111 intemperantia
1026 2028 1140 2108 perisse
1228 2094 1229 2113 ,

141 2116 334 2192 existimaret,
357 2123 387 2173 ut
408 2114 521 2175 tandem
541 2132 654 2176 veneno
677 2118 876 2195 interemptum
896 2113 996 2175 fraude
1016 2112 1139 2174 Liuillae
1220 2151 1228 2206 ,

140 2199 240 2258 uxoris
256 2207 342 2277 atquo
357 2198 454 2259 Seiani
471 2201 623 2278 cognovit,
644 2218 739 2280 neque
753 2201 902 2260 tormentis
916 2217 1011 2278 neque
1027 2195 1137 2276 suppli·
1224 2241 1227 2276 ,

142 2283 188 2341 cio
208 2283 374 2360 cuiusquam
394 2285 543 2362 pepercit,
565 2285 621 2344 soli
647 2285 713 2345 huic
728 2285 886 2363 cognitioni
901 2283 975 2343 adeo
990 2301 1044 2362 per
1058 2290 1138 2342 totos
1226 2285 1227 2303 ¹

141 2365 203 2424 dies
217 2363 327 2425 deditus
346 2374 375 2424 et
394 2366 535 2445 intentus,
558 2377 587 2429 nt
599 2369 796 2430 Rhodiensem
810 2367 972 2448 hospitem,
995 2384 1081 2446 quem
1094 2365 1175 2428 lana

140 2447 297 2510 miliaribus
307 2449 411 2512 litteris
426 2452 545 2512 Romam
561 2464 713 2531 evocarat,
736 2452 888 2514 advenisse
901 2451 956 2512 sibi
970 2451 1137 2526 nuntiatum,
1223 2469 1225 2530 j

140 2535 270 2614 torqueri
285 2534 347 2594 siue
358 2552 438 2596 mora
453 2537 578 2615 iusserit,
594 2540 675 2616 quasi
691 2538 795 2617 aliquis
810 2557 848 2598 ex
861 2536 1037 2599 necessariis
1049 2551 1136 2612 quae·
1223 2553 1224 2574 ι

140 2619 227 2680 stioui
243 2617 370 2697 adesset,
388 2617 489 2680 deinde
505 2639 607 2682 errore
623 2622 755 2700 detecto,
777 2631 806 2682 et
820 2622 929 2698 occidi,
951 2637 988 2679 ne
1005 2618 1138 2697 vulgaret
1222 2649 1223 2682 ι

139 2703 279 2764 iniuriam.
311 2701 500 2765 Garuiiicinae
526 2707 587 2766 eius
610 2706 768 2768 ostenditur
789 2706 872 2768 locus
896 2703 1033 2783 Capreis,
1060 2702 1137 2763 unde
1221 2749 1222 2779 ,

140 2787 289 2849 damnatos
300 2797 368 2868 post
382 2788 470 2867 longa
486 2799 516 2849 et
527 2792 669 2869 exquisita
682 2799 823 2852 tormenta
839 2789 1026 2870 praecipitari
1039 2803 1138 2848 coram
1146 2805 1175 2846 ao
1220 2831 1221 2875 ,

140 2892 179 2934 se
192 2876 221 2932 in
235 2891 315 2934 mare
329 2873 461 2952 iubebat,
483 2877 648 2954 excipiente
665 2876 879 2936 classiariorum
894 2892 977 2933 mann
995 2881 1025 2934 et
1042 2873 1138 2932 contis
1219 2903 1220 2970 q

139 2966 225 3036 atque
241 2959 329 3018 remis
351 2957 476 3018 elidente
499 2959 655 3037 cadavera,
677 2960 779 3020 necui
801 2959 909 3020 residui
924 2958 1042 3036 spiritus
1057 2956 1137 3036 quio
1218 2975 1219 3065 q

140 3060 224 3119 quam
247 3044 366 3102 inesset.
399 3041 628 3121 Excogitarerat
649 3051 742 3104 antem
763 3044 839 3104 iuter
861 3061 971 3121 genera
994 3043 1139 3102 cruciatus

140 3125 239 3202 etiam,
257 3135 287 3184 ut
302 3127 384 3203 larga
400 3128 472 3187 meri
490 3130 609 3206 potione
621 3146 675 3206 per
684 3127 828 3189 fallaciam
842 3135 995 3206 oneratos,
1013 3133 1138 3203 repente
1216 3105 1218 3160 ¹

139 3211 263 3267 ueretris
276 3209 427 3290 deligatis,
452 3212 628 3272 fidicularum
646 3212 728 3272 simul
742 3214 899 3291 urinaeque
915 3219 1059 3272 tormento
1079 3208 1137 3269 dis·
1150 3234 1177 3278 aa

138 3292 280 3350 tonderet.
311 3295 464 3369 Quodnisi
482 3315 546 3357 enm
564 3305 593 3356 et
609 3314 686 3356 mors
698 3299 899 3375 praevenisset
921 3305 951 3357 et
966 3292 1138 3370 Thrasyllus

140 3374 286 3453 consulto,
303 3387 333 3437 ut
350 3381 435 3458 aiunt,
449 3379 566 3441 differre
582 3380 721 3460 quaedam
738 3399 792 3460 spe
809 3381 952 3459 longioris
968 3381 1045 3440 vitae
1058 3395 1137 3438 com·
1212 3359 1215 3445 l

139 3457 280 3537 polisset,
302 3460 400 3538 plures
421 3464 567 3542 aliquanto
590 3474 742 3526 necaturus
764 3483 799 3526 ac
820 3483 858 3524 ue
879 3465 998 3544 reliquis
1022 3462 1138 3543 quidem
1184 3467 1214 3551 ι’
