2434 3908
500 319 706 366 nutantum.
980 322 1046 370 LIII

203 478 234 533 lu
249 479 301 534 hae
317 477 431 533 raritate
447 477 613 550 scriptorum
631 481 821 550 exemplorum
838 480 911 552 typis
928 489 1170 553 quaquaestum

142 563 340 635 impressorum
357 561 429 617 ratio
447 563 573 618 habenda
590 569 648 632 est,
670 579 759 634 eoque
776 563 865 634 magis
881 565 953 635 quod
968 566 1040 621 sor„
1060 543 1169 596 principes

10 667 14 684 ·
105 655 110 660 '
141 647 197 719 ptis
210 651 301 701 aetate
314 645 444 716 supparia
461 651 524 700 sunt
538 653 566 700 et
583 647 744 719 exscriptis
758 647 903 704 codicibus
921 649 1041 704 lideliter

141 729 271 802 repetita.
317 728 536 799 Diligentissima
555 729 640 799 igitur
653 730 870 802 investigatione
889 749 940 803 per
954 733 1042 804 pluri-

142 830 201 869 mas
217 811 404 869 bibliothecas
428 812 500 868 lacta
517 828 571 883 ego
588 820 615 868 et
630 813 710 869 amici
729 820 786 870 tres
805 815 944 870 editiones
964 815 1044 871 inve·
1126 871 1130 876 .

143 899 232 953 nimus
261 896 462 968 principum
492 897 603 952 nomine
633 897 828 968 appellandas,
860 899 933 969 quod
967 915 1044 956 sunm

143 997 269 1053 quaeque
298 980 430 1051 scriptum
460 980 559 1036 librunr
584 980 725 1051 sequitur,
756 982 915 1038 rarissimas
939 998 1045 1040 omnes.

142 1063 317 1120 Nominamns
334 1063 487 1133 Incertam,
503 1065 653 1134 Venetam,
670 1064 866 1121 Florentinum.

204 1149 375 1203 Incertae
396 1147 548 1218 editionis,
577 1165 648 1219 qnae
674 1149 769 1203 urbem
792 1165 889 1205 annum
911 1156 1045 1221 typogra-
1073 1159 1156 1204 tuusne

141 1234 224 1305 phum
241 1248 373 1303 nusquam
393 1231 504 1303 prodit,
527 1233 653 1304 exempla
672 1231 749 1288 foliis
770 1233 820 1288 XV
834 1239 961 1288 constant
976 1249 1045 1303 qna-

142 1316 274 1372 ternariis
289 1315 490 1371 versiculorum
503 1315 599 1372 XXIV.
645 1315 751 1371 Titulus
767 1316 927 1372 maiusculis
944 1315 1046 1373 litteris

141 1400 187 1455 hie
207 1407 263 1456 est:
286 1398 408 1454 Suetonii
423 1398 578 1470 Tranquilli
600 1400 633 1455 de
652 1393 656 1476 Ι
673 1402 861 1470 prcmmoticis
887 1407 914 1455 et
934 1398 1045 1468 rhetora]

142 1483 192 1539 bus
206 1485 366 1540 clarissime
381 1482 485 1538 libellus
498 1481 635 1554 foeliciter
650 1485 752 1554 incipit.
784 1491 941 1556 postremus
955 1484 1044 1539 versi-

142 1569 221 1623 culus
238 1567 301 1622 hio:
324 1566 390 1624 abo.
420 1565 531 1621 FINIS
550 1567 669 1624 AMEN.
704 1567 886 1639 Gottingense
903 1567 1045 1638 exemplar

143 1649 238 1707 Osann
255 1649 433 1721 comparavit,
450 1650 662 1722 Stnttgartiuum
684 1652 873 1707 Francisei
890 1651 929 1706 Pl
935 1650 987 1706 eil
992 1649 1045 1705 ier

142 1735 178 1788 V.
201 1732 230 1787 (t.
258 1732 447 1789 benivolentia
469 1736 659 1791 transmissum
682 1751 751 1806 ego:
786 1741 933 1808 praeterea
956 1739 1047 1790 exstat

140 1816 270 1871 venetiis
286 1816 313 1870 in
328 1815 397 1872 blbl.
412 1818 558 1876 llarciana.
599 1818 729 1874 Prodisse
746 1818 938 1890 bibliographi
954 1818 1045 1872 Vene-

140 1897 443 1960 tiiscireitera.1472
462 1919 496 1957 er
517 1901 628 1959 cilicina
642 1901 749 1957 Nicolai
768 1903 870 1958 lenson
889 1900 1046 1974 opinantur,

141 1983 247 2039 mavult
259 1982 469 2038 humanissimus
483 1985 660 2056 Iosephus
679 1985 926 2041 Valentinelli
944 1984 1048 2040 lledio·

143 2068 286 2122 lunensem
304 2065 433 2122 arbitrari
440 2061 484 2140 ⁸¹).
1142 2055 1144 2061 ’

209 2151 378 2206 Venetam
401 2149 552 2206 editionem
573 2167 633 2204 cnm
649 2151 775 2206 Modesto
791 2150 826 2205 de
846 2167 878 2205 re
892 2149 1005 2205 militari
1021 2155 1049 2205 et
1074 2158 1155 2204 venete

143 2233 243 2290 libello
265 2234 299 2289 de
316 2233 524 2303 magistratibus
542 2234 715 2291 coniunctam
734 2235 934 2304 impresserunt
954 2233 1046 2288 Barth.

144 2316 341 2374 Cremonensis
366 2333 398 2372 ac
419 2318 511 2374 Barth.
541 2319 575 2374 de
598 2317 682 2374 cario
704 2315 895 2373 vercellensis
922 2315 1048 2371 consocii

141 2400 271 2456 Venetiis
287 2418 311 2456 a.
328 2405 397 2460 1474
404 2395 450 2473 ³²),
463 2401 607 2474 inscripsit
623 2401 860 2457 Reverendissimo
875 2400 982 2456 domino
1000 2400 1048 2456 do·

144 2515 345 2527 ι--ι--ι--η

143 2565 205 2614 bibl.
222 2565 282 2614 bibl.
300 2564 312 2613 1
331 2579 356 2629 p.
373 2565 434 2616 524.
462 2591 495 2600 —-
521 2566 679 2615 Florentinns
703 2566 729 2615 in
748 2563 917 2614 Laurentiana
933 2563 996 2630 plut.
1014 2563 1048 2614 89

143 2633 201 2684 cod.
218 2632 234 2683 8
253 2632 374 2684 Caesares
390 2647 489 2696 quoqne
506 2632 618 2683 Suetonii
635 2636 753 2696 continet,
772 2634 818 2683 sed
833 2633 860 2682 in
875 2631 1047 2684 Grammaticis

142 2717 171 2770 p.
186 2701 252 2761 265,
271 2703 283 2751 l
302 2709 358 2766 post
376 2701 426 2750 Hic
438 2704 508 2751 initio
526 2702 618 2756 deficit.
641 2729 672 2741 -
692 2703 888 2768 Neapolitanus,
911 2701 970 2752 olim
988 2701 1047 2750 Bar·

142 2771 266 2820 mesianns
284 2771 347 2830 121,
369 2768 444 2820 hodie
460 2771 606 2820 inscribitur
623 2771 688 2821 Bibl.
706 2771 770 2837 Bag.
788 2771 831 2820 IV.
856 2785 878 2822 o.
897 2771 939 2822 21.
956 2793 989 2805 -·
1011 2767 1048 2816 De

142 2837 296 2900 Havniensi,
313 2837 355 2902 qui
372 2838 430 2888 elim
445 2840 547 2889 Ioannis
564 2837 683 2888 Grammii
700 2839 756 2900 luit,
773 2838 819 2890 eir.
839 2838 951 2887 Arntzen
966 2833 1046 2901 praei.

142 2907 178 2958 ad
194 2907 257 2957 Aur.
276 2907 411 2959 Victorem,

215 2974 261 3039 31)
280 2975 403 3024 Venatum
423 2976 490 3025 enim
509 2976 651 3040 exemplum
672 2975 751 3027 class.
770 2975 840 3038 XlV,
861 2973 910 3025 176
936 2987 987 3022 nno
1004 2986 1049 3021 vo-

142 3044 241 3096 lumine
259 3045 405 3110 colligatum
421 3052 460 3094 est
477 3059 534 3093 cnm
551 3043 732 3093 Mediolanensi
747 3045 831 3107 aliqua
844 3042 953 3092 editione
971 3039 1049 3104 (Ηαίιι

143 3127 189 3168 no.
211 3111 292 3176 6964)
311 3113 382 3162 cuins
403 3111 614 3179 typographicam
632 3126 732 3176 qnoque
750 3112 859 3178 speciem
877 3109 964 3160 reiert.
1002 3108 1049 3158 Be·

143 3193 228 3235 terum
250 3182 370 3246 repetivit
391 3190 415 3232 et
436 3181 579 3231 emendavit
599 3183 720 3230 Incertam
744 3179 878 3231 editionem
901 3177 1049 3235 Beroaldus,

143 3259 174 3302 nt
190 3250 276 3300 ierunt
291 3250 421 3300 Bononiae
440 3265 464 3300 a.
486 3248 566 3312 15043
592 3263 672 3312 neque
693 3248 761 3300 enim
785 3249 844 3298 novt
865 3246 914 3296 nisi
931 3245 1049 3310 Brlburgi

143 3323 276 3372 inventam
288 3319 469 3386 repetitionem,
483 3333 558 3382 quam
573 3319 605 3368 hl.
617 3315 765 3368 Schurerius
775 3314 938 3382 argentorati
949 3329 972 3366 e.
983 3311 1050 3364 1510

143 3390 230 3441 emuit
244 3404 279 3439 ec
291 3391 457 3453 caetipationc
472 3387 584 3451 Philippi
593 3387 728 3440 Beroatdis
744 3385 790 3436 cir.
805 3382 922 3434 Schrbter
938 3383 971 3434 ad
983 3383 1047 3434 Aur.

146 3459 276 3509 Victorem
295 3459 326 3507 de
344 3457 406 3507 viris
424 3456 563 3506 illustribus
581 3471 607 3522 p.
623 3454 681 3504 XII.
702 3452 820 3503 Beroaldi
836 3452 915 3517 igitur
931 3449 1049 3503 emenda·

145 3528 231 3579 tiones
248 3543 264 3577 a
279 3527 379 3576 nemine
396 3532 602 3576 commemoratas
618 3539 650 3574 ex
667 3521 715 3571 hac
729 3521 878 3587 repetitione
895 3520 1012 3588 cognovi.

216 3595 263 3660 32)
280 3596 350 3645 Idem
366 3594 508 3659 exemplum
525 3593 647 3642 Maittaire
663 3590 809 3657 descripsit,
824 3589 854 3645 Ρ.
865 3590 984 3641 Pithoeus
999 3585 1050 3634 nisi
