2466 3896
565 216 733 265 assuerus.
1071 207 1110 270 bl

114 369 236 446 Quidam
253 372 433 449 existimant,
451 370 554 432 adultis
568 373 624 432 iam
638 371 761 450 Augusti
777 372 887 452 liberis,
905 374 972 435 loco
987 382 1017 435 et
1031 375 1113 454 quasi

113 455 304 535 possessione
318 457 447 535 usurpati
460 474 476 516 a
493 473 525 515 se
540 454 587 515 diu
602 457 720 516 secundi
733 458 840 534 gradm
855 468 959 538 sponte
975 460 1112 536 cessisse,

39 597 46 612 ,
114 538 250 619 exemplo
269 538 308 601 lt.
329 539 481 619 Agrippae
501 540 562 618 qui,
583 539 620 599 bl.
636 540 778 601 lilarcello
801 541 837 604 ad
856 561 973 604 munera
996 541 1113 623 publica

114 622 246 699 admoto,
261 622 414 699 Mytilenas
429 624 541 700 abierit,
556 641 593 683 ue
607 632 653 684 aut
665 624 783 686 obstare
795 635 842 687 aut
851 626 1017 689 obtrectare
1028 645 1112 706 prae·

91 725 185 768 ssens
199 707 354 768 rideretur.
397 707 488 783 Quam
504 725 619 768 causam
633 716 662 767 et
676 709 756 790 ipse,
780 709 832 771 sed
846 720 962 790 postea,
979 711 1113 774 reddidit.

113 792 194 853 luno
209 801 302 852 autem
316 791 455 852 bonorum
468 794 629 853 satietatem
646 811 680 854 ac
692 794 821 872 requiem
835 795 965 856 laborum
978 804 1112 875 praeten-

24 955 25 959 ,
113 875 196 951 dens,
210 885 397 937 commeatum
412 878 498 956 petit;
515 894 609 955 neque
625 886 672 938 aut
686 878 768 938 matri
783 879 954 958 suppliciter
969 881 1112 958 precanti,

10 1029 13 1031 ¹
113 969 161 1020 aut
177 960 281 1021 vitrico
297 960 393 1021 deseri
408 979 440 1021 ae
457 961 541 1022 etiam
556 963 585 1020 in
608 971 709 1022 senatu
729 964 917 1042 conquerenti
932 966 1046 1024 veniam
1062 963 1111 1024 de·

1 1073 2 1082 ¹
112 1042 162 1104 dit.
196 1044 271 1119 Quin
292 1053 322 1104 et
344 1045 519 1122 pertinacius
539 1045 743 1123 retinentibus,
770 1046 836 1107 cibo
861 1065 914 1125 per
935 1046 1112 1125 quatriduum

78 1143 104 1186 ro
116 1125 259 1204 abstinuit.
300 1126 388 1188 Facta
412 1128 526 1189 tandem
547 1129 669 1190 abeundi
690 1138 851 1208 potestate,
872 1128 982 1190 relictis
1001 1130 1111 1191 Romae

113 1229 204 1272 uxore
228 1219 258 1272 et
276 1211 334 1271 lilio
350 1212 502 1273 confestim
518 1213 625 1274 Ostiam
640 1211 806 1291 descendit,
828 1231 865 1274 ne
884 1212 976 1273 verbo
997 1212 1112 1292 quidem

113 1298 245 1374 cuiquam
268 1299 503 1375 prosequentium
527 1296 639 1358 reddito
664 1313 831 1376 paucosque
854 1295 1004 1360 admodum
1024 1299 1052 1358 iu
1069 1295 1110 1356 di·
1137 1321 1140 1324 ·

111 1397 219 1456 gressu
238 1379 433 1440 exosculatus.
459 1379 506 1440 Ab
522 1379 601 1449 Ostia
616 1398 696 1440 oram
713 1379 887 1461 Campaniae
902 1380 1016 1460 legens,
1030 1379 1151 1440 iube-11

1 1512 7 1538 ,
113 1461 234 1522 cillitate
255 1462 380 1540 Augusti
403 1465 542 1543 nuntiata,
568 1464 682 1543 paulum
704 1465 841 1526 substitit.
884 1464 943 1526 Sed
963 1463 1110 1526 increbre-

76 1567 102 1608 ro
112 1554 215 1606 scente
230 1564 344 1607 rumore
359 1548 440 1626 quasi
451 1547 487 1609 ad
499 1551 682 1610 occasionem
700 1550 816 1611 mauris
834 1550 899 1629 spei
918 1565 1110 1611 commorare·

111 1639 174 1706 tur,
195 1638 303 1690 tantum
324 1648 381 1691 nou
401 1631 529 1692 aduersis
553 1634 769 1712 tempestatibus
783 1632 914 1695 Rhodum
937 1634 1122 1711 enavigavit.

111 1715 286 1774 amoenitate
302 1723 332 1774 et
348 1714 515 1777 salubritate
530 1716 638 1778 insulae
653 1720 708 1778 iam
723 1717 789 1779 inde
800 1727 902 1798 captus
917 1736 979 1778 cum
996 1717 1032 1779 ad
1047 1734 1111 1777 eam

113 1797 150 1857 ab
161 1796 298 1859 Armenia
311 1797 426 1860 rediens
438 1799 607 1879 appulisset.
624 1801 679 1861 llio
689 1802 809 1864 modicis
825 1810 976 1864 contentus
991 1800 1110 1862 aedibus

112 1899 169 1942 nec
184 1881 272 1942 multo
288 1882 397 1942 laxiore
413 1882 587 1962 suburbano,
604 1903 696 1963 genus
710 1888 787 1946 vitae
806 1885 891 1946 civile
905 1885 1053 1946 admodum
1070 1887 1110 1942 in-

1 1990 2 1995 *
76 1985 102 2028 to
113 1965 214 2043 stituit,
227 1966 289 2026 sine
305 1966 409 2026 lictore
425 1975 472 2026 aut
482 1968 592 2027 viatore
602 1971 750 2046 gymnasio
761 1969 901 2030 interdum
912 1968 1110 2044 obambulans,

110 2057 267 2130 mutuaque
282 2067 345 2110 eum
360 2048 512 2110 Graeculis
527 2049 624 2112 oldaia
638 2070 778 2131 usurpans
794 2070 888 2131 prope
904 2071 943 2113 ex
958 2069 1061 2131 aequo.

175 2131 264 2194 Forte
276 2131 417 2213 quondam
431 2135 461 2193 in
475 2133 653 2213 disponendo
668 2134 714 2196 die
724 2153 806 2196 mane
822 2135 1018 2216 praedixerat,
1031 2133 1110 2213 quid·

2 2293 8 2298 .
113 2216 180 2297 quid
196 2234 347 2295 aegrorum
364 2219 393 2277 iu
409 2219 525 2280 ciuitate
540 2229 619 2280 esset
635 2221 750 2280 visitare
769 2219 910 2290 seualle:
932 2220 962 2281 id
977 2239 993 2282 a
1009 2219 1107 2298 proni·

1 2302 3 2326 '
112 2303 166 2361 mis
187 2301 270 2362 aliter
284 2311 446 2382 exceptum,
461 2303 587 2382 iussique
605 2312 670 2366 sunt
689 2321 789 2366 omnes
809 2306 892 2382 aegri
913 2306 941 2365 in
964 2303 1108 2385 publicam

77 2403 103 2444 aa
114 2387 255 2464 porticum
268 2385 378 2447 deferri
394 2405 429 2448 ac
444 2405 498 2467 per
513 2387 696 2448 valitudinum
710 2407 818 2467 genera
833 2388 955 2470 disponi.
990 2386 1107 2452 Percul-

1 2497 6 2505 ·
113 2488 162 2528 sus
180 2487 253 2546 ergo
275 2472 422 2551 inopinata
444 2491 477 2532 re
497 2471 601 2551 diuque
619 2472 686 2552 quid
704 2483 807 2550 ageret
825 2475 969 2552 incertus,
994 2470 1108 2534 tandem

1 2556 4 2576 ³
112 2553 243 2629 singulos
259 2555 375 2632 circuit,
396 2573 539 2618 excusans
554 2557 659 2617 lactum
675 2559 760 2618 etiam
778 2559 943 2619 tenuissimo
960 2559 1063 2636 cuique
1080 2563 1109 2614 et

112 2638 223 2714 ignoto.
266 2637 358 2698 Unum
372 2639 429 2700 hoc
444 2639 529 2700 modo
544 2656 639 2720 neque
653 2650 805 2720 praeterea
821 2642 970 2722 quicquam
984 2647 1110 2700 notatum

14 2726 18 2732 ’
114 2728 170 2799 est,
186 2721 214 2779 iu
231 2737 287 2800 quo
304 2725 469 2784 exseruisse
485 2725 529 2785 ius
543 2725 712 2786 tribuniciae
724 2727 875 2804 potestatis
887 2727 966 2786 uisus
978 2725 1030 2786 sit:
1047 2739 1110 2782 cum

1 2851 4 2865 .
75 2806 193 2865 eocirca
216 2804 331 2868 scholas
347 2815 376 2867 et
393 2806 531 2868 auditoria
554 2809 751 2886 professorum
770 2807 900 2870 assiduus
916 2815 1008 2886 esset,
1030 2813 1109 2866 moto

113 2891 188 2948 inter
204 2890 408 2970 antisophistas
423 2891 560 2969 graviore
574 2894 682 2970 iurgio,
699 2910 757 2953 non
773 2891 862 2953 deluit
878 2893 926 2971 qui
943 2908 1007 2951 eum
1021 2892 1109 2952 iuter·

112 2973 277 3032 venientem
292 2981 321 3035 et
332 2976 413 3054 quasi
428 2974 629 3046 studiosiorem
640 2978 729 3056 partis
744 2974 861 3038 alterius
875 2976 1001 3036 convitio
1016 2975 1109 3036 inoes-

112 3065 203 3116 seret.
238 3057 349 3119 Sensim
369 3061 465 3139 itaque
480 3077 633 3137 regressus
654 3058 782 3137 domum,
804 3067 925 3139 repente
941 3076 1004 3120 cum
1021 3075 1109 3137 appa·

112 3139 251 3200 ritoribus
266 3142 372 3221 prodiit
386 3144 558 3223 citatumque
569 3162 623 3223 pro
635 3143 767 3204 tribunali
781 3161 856 3204 voce
871 3143 1025 3223 praeconis
1042 3159 1109 3202 con·

75 3238 103 3280 aa
115 3225 278 3285 vitiatorem
291 3228 354 3306 rapi
369 3228 449 3289 iussit
463 3229 491 3287 in
507 3245 664 3289 carcerem.

177 3306 326 3389 comperit
345 3310 448 3372 deiude
461 3311 561 3373 Iuliam
581 3329 700 3372 uxorem
722 3310 759 3374 ob
777 3310 910 3374 libidines
925 3319 1011 3390 atque
1031 3310 1107 3372 adul·

112 3392 186 3453 teria
209 3392 382 3472 dannatum,
405 3395 610 3475 repudiumque
630 3397 657 3455 ei
677 3413 730 3456 suo
751 3396 864 3457 nomine
887 3413 925 3456 ex
939 3396 1109 3458 auctoritate

112 3472 237 3554 Augusti
252 3476 417 3548 remissum;
440 3487 469 3537 et
483 3497 650 3558 quatuquam
664 3478 757 3541 laetus
772 3478 885 3559 nuntio,
906 3486 1000 3540 tamen
1019 3476 1110 3540 oflicii
