2450 3910
134 236 192 299 180
235 249 264 298 c.
279 249 427 297 suuncnn
442 250 567 309 nanno.
585 251 631 298 on
647 251 727 310 urna
747 211 929 299 cinereum
947 251 1015 299 nne.
1029 251 1076 300 vr.

134 406 308 465 sissimorum
323 413 482 482 temporum
497 414 575 482 sunt,
598 405 665 480 cogi
680 406 707 464 in
727 424 810 464 unum
825 424 941 482 annmn,
959 405 1125 484 quibusdam

134 489 218 548 etiam
232 489 357 564 iteratis,
378 488 477 565 iussit,
493 497 521 548 et
539 487 689 566 Olympiae
706 505 821 568 quoque
840 498 955 568 praeter
974 499 1124 550 consuetu-

133 573 225 634 dinem
252 573 388 631 musicum
415 589 509 650 agona
540 573 689 633 commisit.
732 570 778 633 Ac
808 589 844 632 ne
867 572 934 652 quid
956 575 1033 634 circa
1052 573 1127 635 haec

133 665 303 736 occupatum
318 665 455 716 avocaret
470 655 660 730 detineretve,
679 674 742 715 cum
757 659 922 735 praeseutia
937 659 998 716 eius
1009 656 1125 718 urbicas

132 759 181 800 res
196 758 286 818 egere
302 758 318 799 a
333 738 437 799 liberto
452 740 537 800 Hrlio
551 740 767 817 admoneretur,
785 743 937 820 rescripsit
950 741 994 800 his
1010 741 1107 802 verhis
1117 759 1148 802 :s

197 822 344 897 Quamuis
366 842 446 885 nunc
470 831 551 884 tcum
572 823 731 886 consilium
752 825 794 886 sit
816 833 844 885 et
864 831 965 887 cotum
987 825 1126 887 celeriter

133 907 248 971 reverti
260 926 317 984 me,
335 914 436 968 tomen
449 907 583 968 suadere
599 915 628 966 et
643 916 753 987 optare
768 909 874 986 potius
889 907 998 985 debes,
1017 914 1051 969 ut
1063 907 1124 969 Ne·

133 1011 210 1055 roae
224 991 334 1072 dipsas
351 999 502 1053 revertur.

197 1075 335 1136 Cantante
356 1093 403 1153 eo,
422 1095 457 1136 ne
472 1079 637 1136 necessaria
654 1076 766 1155 quidem
784 1095 870 1137 causa
887 1076 1031 1136 excedere
1048 1078 1126 1138 thea-

134 1170 179 1222 tro
194 1160 300 1220 licitum
316 1168 369 1219 est.
412 1158 512 1239 Itaque
530 1168 559 1218 et
577 1161 679 1220 enixae
696 1159 834 1240 quaedam
849 1161 878 1219 ia
895 1160 1070 1239 spectaculis
1085 1161 1125 1220 di·
1136 1178 1163 1220 ro

136 1253 245 1320 cuntur,
263 1243 386 1303 etmulti
403 1243 498 1304 taedio
515 1243 646 1304 audiendi
660 1243 860 1322 laudandique,
878 1244 982 1305 clausis
1003 1245 1126 1323 oppido·

134 1347 195 1388 rum
211 1328 312 1407 portis,
329 1335 376 1387 aut
389 1328 484 1387 furtim
500 1326 651 1388 desiluisse
668 1327 702 1387 de
717 1344 796 1388 muro
815 1337 861 1388 aut
882 1337 973 1388 morte
998 1328 1127 1388 simulata

134 1413 235 1474 funere
247 1411 324 1472 elati.
354 1412 444 1486 Quam
456 1421 549 1471 autem
562 1411 674 1491 trepide
686 1413 828 1490 anxieque
841 1414 1006 1488 certaverit,
1023 1421 1128 1491 quanta

136 1496 363 1557 adversariorum
378 1495 579 1572 aemulatione,
597 1513 653 1574 quo
669 1504 744 1554 metu
757 1495 889 1573 iudicum,
902 1499 951 1554 vix
967 1495 1046 1556 credi
1063 1503 1126 1574 pot-

136 1590 189 1640 est.
232 1578 443 1656 Adversarius,
464 1581 545 1658 quasi
559 1580 644 1658 plane
668 1578 840 1640 conditionis
861 1579 1004 1656 eiusdem,
1025 1579 1164 1641 obser-m

136 1682 216 1739 vare,
240 1671 372 1741 captare,
395 1663 530 1722 infamare
552 1672 685 1739 secreto,
716 1680 923 1741 nonnumquam
943 1683 981 1724 ex
1003 1680 1126 1724 occursu

136 1745 295 1807 maledictis
310 1746 470 1824 incessere,
496 1748 576 1807 acsi
598 1748 645 1826 qui
666 1751 727 1806 arte
751 1747 974 1826 praecellerent,
998 1764 1126 1808 conrum-

137 1849 208 1912 pere
226 1831 310 1890 etiam
324 1830 445 1891 solebat.
489 1830 603 1891 Iudices
618 1840 711 1891 autem
727 1833 903 1909 priusquam
919 1833 1061 1910 inciperet
1080 1848 1125 1890 re·
1201 1837 1213 1885 t

137 1916 335 1975 versutissime
352 1913 570 1994 adloquehatur,
589 1914 691 1975 omniu
705 1931 739 1974 se
751 1913 900 1992 faciendo
918 1914 1047 1993 fecisse,
1072 1913 1128 1974 sed

138 2003 273 2061 eventum
285 1998 318 2059 io
330 2017 423 2059 mono
438 2017 506 2060 esse
520 1997 696 2070 Fortunam
716 1999 787 2059 illos
801 2005 835 2059 ut
848 2000 998 2078 copientis
1019 2005 1047 2059 et
1070 1998 1123 2060 do·
1135 2012 1163 2053 ao

138 2082 301 2146 crocoiros
312 2082 445 2161 fortaritu
457 2080 761 2160 dehereeccludere;
779 2091 873 2162 atque,
891 2093 921 2142 ut
933 2082 1126 2144 anderethor-

138 2167 277 2244 tantihus,
302 2169 437 2246 aequiore
459 2169 550 2227 animo
573 2165 740 2242 recedebat,
761 2185 795 2226 ao
815 2185 852 2228 ne
872 2169 914 2228 sic
936 2164 1049 2245 quidem
1065 2167 1128 2224 sine

140 2251 342 2326 sollicitudine,
361 2253 579 2312 taciturnitatem
595 2249 790 2329 pudoremque
808 2249 982 2330 quorundam
1003 2266 1057 2328 pro
1080 2251 1127 2309 tri-

20 2387 23 2392 .
96 2337 214 2404 castitia
236 2343 265 2394 et
284 2335 460 2411 malignitate
480 2352 604 2412 arguens
628 2344 840 2414 suspectosque
863 2333 918 2394 sihi
943 2333 1052 2394 dicens.
1095 2331 1128 2392 In

71 2449 86 2458 -
141 2416 278 2479 certando
285 2436 356 2477 vero
364 2418 469 2496 italegi
483 2417 667 2496 oboediebat,
676 2427 705 2477 ut
717 2437 868 2498 numquam
879 2436 1019 2479 excreare
1032 2435 1128 2492 ausus,
1139 2433 1165 2475 aa
1210 2447 1211 2481 ;

140 2501 273 2562 sudorem
288 2519 402 2581 quoque
417 2502 519 2562 frontis
543 2501 661 2562 brachio
685 2500 866 2580 detergerem
888 2511 973 2583 atque
994 2502 1078 2561 etiam
1100 2501 1130 2558 in

140 2587 251 2662 tragico
265 2585 386 2662 quodem
399 2595 474 2663 actu,
488 2604 549 2644 cum
564 2586 692 2665 elapsum
703 2585 835 2647 haculum
847 2588 903 2646 cito
915 2587 1129 2664 resumpsisset,

141 2668 262 2750 pavidus
278 2678 306 2728 et
320 2679 448 2730 metucns
464 2688 499 2729 ne
516 2669 554 2730 ob
571 2668 704 2730 delictum
721 2670 875 2730 certamine
891 2678 1129 2743 summoveretur,
1209 2675 1210 2744 ᾗ

141 2773 198 2814 non
209 2751 291 2814 aliter
304 2755 485 2814 confirmatus
497 2763 541 2814 est
553 2771 636 2834 quam
645 2754 793 2814 adiurante
802 2754 963 2833 hypocrita,
975 2772 1033 2814 non
1044 2754 1130 2814 anim·
1209 2749 1210 2763 ¹

141 2838 291 2899 adversum
318 2837 345 2898 id
373 2837 446 2897 inter
476 2837 668 2898 exultationes
695 2838 992 2918 succlamationesque
1019 2836 1170 2916 populieo

141 2924 290 2984 Victorem
309 2931 401 2982 autem
421 2940 452 2982 se
468 2922 531 3000 ipse
544 2917 760 3002 ‘pronuntiabam
778 2939 833 2999 qua
849 2921 884 2981 de
900 2941 986 2984 causa
1002 2931 1030 2980 et
1047 2937 1131 3000 prae·
1208 2923 1209 2942 ¹

144 3007 228 3066 conio
243 3005 347 3086 ultique
364 3006 517 3066 contendit.
561 3004 606 3065 Ac
627 3023 664 3064 ue
687 3005 766 3064 cuius
788 3004 904 3066 alterius
923 3005 1133 3066 hieronicarum
1208 2959 1209 3045 l

142 3091 278 3150 memoria
300 3099 347 3150 aut
369 3089 522 3167 vestigium
550 3097 663 3150 extaret
691 3106 823 3168 usquam,
850 3089 977 3150 subverti
1003 3098 1032 3148 et
1057 3103 1133 3146 unco

142 3171 215 3231 trahi
231 3172 362 3252 abicique
378 3175 406 3232 in
423 3173 540 3234 latrinas
560 3174 682 3234 omniurn
702 3181 809 3232 statuas
833 3184 862 3233 et
885 3175 1025 3251 imagines
1044 3175 1134 3251 impe·

144 3253 227 3312 ravit.
270 3255 421 3334 Aurigerit
441 3274 555 3337 quoque
576 3256 767 3336 plurifariam,
795 3255 934 3337 Olympiis
955 3274 1026 3317 vero
1050 3255 1172 3317 etiamss

146 3335 352 3416 decemiugem,
372 3342 500 3420 quamvis
520 3339 549 3399 id
573 3341 664 3419 ipsum
685 3340 714 3398 in
734 3358 805 3418 rege
819 3340 988 3402 Mithradate
1009 3340 1136 3402 carmine
1206 3413 1207 3418 η

147 3416 268 3497 quodam
289 3439 341 3480 suo
362 3422 611 3501 reprehendisset;
636 3421 687 3482 sed
709 3441 848 3484 excussus
870 3443 954 3484 curru
976 3443 1010 3485 ae
1036 3443 1137 3485 rursus
1206 3435 1207 3466 l

146 3501 301 3579 repositus,
318 3520 379 3562 cum
398 3505 554 3583 perdurare
570 3523 627 3564 non
642 3515 753 3585 posset,
771 3507 878 3568 destitit
890 3517 955 3568 ante
967 3507 1137 3578 decursuma

1191 3641 1206 3844 l
