2466 3896
490 241 594 289 arvus
615 240 795 290 obsumus.
1081 230 1140 292 169

145 397 321 458 conscicntia
338 415 469 476 quoque,
486 413 542 457 nec
557 397 648 457 minus
664 395 812 458 delatores
826 397 985 459 multorum
995 393 1141 457 criminum

144 480 312 558 arguebant.

206 563 244 626 itt
261 583 373 625 veneno
390 565 503 644 quidem
520 567 648 625 occisum
671 566 820 635 convenit3
850 564 899 625 ubi
921 575 1014 627 autern
1036 575 1065 625 et
1087 584 1140 645 per

63 663 64 670 ¹
145 666 229 728 quem
243 649 323 727 dato,
341 649 496 729 discrepat.
522 648 642 724 Quidam
657 648 784 726 tradunt,
802 649 928 729 epulanti
944 653 973 710 in
990 669 1060 710 arce
1077 669 1139 710 curn

124 733 346 794 usaoerdotibus
373 751 427 813 per
446 733 580 794 Halotum
602 732 761 812 spadonem
786 742 1053 812 praegustatorem
1081 735 1139 811 alii,
1173 731 1175 736 ’

145 817 304 878 domestico
328 817 462 878 convivio
483 836 536 897 per
563 820 655 897 ipsam
676 816 883 897 Agrippinam,
915 836 989 896 quae
1011 817 1140 879 boletum

140 897 312 962 'medicatum
332 901 496 962 avidissimo
526 901 655 962 ciborum
676 902 772 961 talium
797 901 950 980 optulerat.
989 901 1082 962 Etiam
1103 902 1138 962 de

39 1019 64 1044 a.
145 985 385 1064 subsequentibus
400 986 515 1046 diversa
532 986 607 1047 fama
623 995 677 1046 est.
699 984 781 1047 blulti
797 986 892 1046 statim
906 985 1007 1046 hausto
1024 1003 1138 1045 veneno

145 1069 320 1130 obmutuisse
336 1071 426 1147 aiunt,
444 1073 696 1147 excruciatumque
714 1069 862 1129 doloribus
879 1078 968 1140 nocte
983 1078 1043 1131 tota
1059 1069 1139 1128 dele-

1 1154 2 1161 ’
111 1169 136 1211 m
146 1155 221 1214 cisse
238 1171 330 1232 prope
350 1153 453 1214 lucem.
479 1153 617 1214 Nonnulli
632 1155 707 1213 inter
722 1155 801 1213 initia
818 1136 1026 1232 dfilrsb‘pilrdffl
1036 1152 1140 1213 deinde

145 1238 211 1298 cibo
228 1237 362 1319 allidente
379 1239 543 1297 evomuisse
559 1239 667 1312 omnia,
684 1239 894 1317 repetitumque
913 1239 1029 1314 toxico,
1046 1239 1139 1296 incer-

144 1332 201 1382 tum
211 1321 320 1401 pultine
332 1319 443 1398 addito,
460 1339 523 1380 cum
536 1321 614 1381 velut
625 1321 795 1381 exhaustum
804 1322 888 1381 ¹retici
903 1321 968 1381 cibo
979 1329 1139 1401 oporteret,

145 1425 180 1467 an
195 1406 321 1465 immisso
341 1422 394 1483 per
410 1405 555 1481 clystera,
569 1414 600 1464 ut
617 1405 698 1482 quasi
716 1404 886 1466 abundantia
901 1405 1044 1466 laboranti
1056 1406 1141 1464 etiam

18 1477 46 1526 ’Ὺ
144 1490 202 1549 hoc
218 1506 328 1565 genere
343 1489 501 1566 egestionis
516 1489 726 1548 subveniretur.
742 1489 822 1550 lllors
838 1492 900 1549 eius
912 1490 1006 1551 celata
1018 1497 1072 1567 est,
1089 1488 1137 1549 do·
1148 1497 1185 1554 45

1 1597 2 1632 t
26 1577 33 1585 '
112 1591 199 1637 rsncc
221 1573 298 1632 circa
317 1590 520 1633 successorem
537 1573 631 1633 omnia
655 1574 863 1634 ordinarentur.
891 1574 992 1654 ltaque
1014 1583 1043 1634 et
1058 1574 1140 1651 quasi

3 1668 9 1691 ·
144 1673 199 1737 pro
218 1672 309 1734 aegro
324 1655 416 1717 adhuc
431 1667 499 1717 vota
515 1666 652 1737 suscepta
668 1667 749 1735 sunt,
771 1668 801 1718 et
822 1658 929 1718 inducti
953 1676 1007 1737 per
1027 1657 1139 1717 simula-

144 1743 251 1801 tionem
261 1740 403 1819 comoedi,
420 1742 555 1822 quivelut
567 1741 777 1803 desiderantem
791 1743 982 1804 oblectarent.
1004 1740 1142 1802 Excessit

6 1846 19 1868 ‘-
29 1849 80 1894 aa
143 1823 356 1885 lll.ld.Octob.
369 1824 470 1886 Asinio
484 1825 854 1902 Marcello,Acili0Aviola
864 1844 940 1887 coss.
955 1828 1139 1904 sexagesimo

145 1917 247 1988 quarto
257 1911 383 1986 laetatis,
401 1911 512 1988 imperii
527 1919 628 1989 quarto
639 1911 859 1987 decimo'anuo,
876 1912 1083 1988 funeratusque
1096 1917 1142 1968 est

110 1992 278 2055 aosollemni
299 1995 459 2072 principum
474 2010 579 2072 pompa
602 2003 630 2052 et
653 1995 681 2052 in
704 2013 852 2054 numerum
876 1995 994 2054 deorum
1017 1995 1139 2058 relatus;

145 2076 386 2156 quem'honorem
399 2095 415 2137 a
428 2075 548 2136 Nerone
563 2077 728 2137 destitutum
740 2078 934 2158 abolitumque
949 2080 1061 2156 recepit
1073 2093 1141 2134 mox

145 2179 198 2240 per
214 2162 433 2240 Vespasianum.
466 2161 622 2237 Praesagia
638 2164 739 2221 mortis
755 2164 816 2222 eius
837 2163 995 2242 praecipua
1010 2162 1185 2225 luerunt:46

145 2253 264 2306 exortus
285 2247 404 2306 crinitae
425 2244 545 2320 stellae,
573 2262 656 2324 quarn
673 2255 805 2306 cometen
826 2227 948 2322 vadant,
976 2254 1140 2322 tactumque

69 2323 82 2345 “
145 2327 181 2388 de
199 2329 282 2389 caelo
297 2340 507 2390 monumentum
522 2328 608 2389 Drusi
626 2331 733 2408 patris,
756 2339 785 2390 et
800 2329 877 2410 quod
893 2329 996 2392 eodem
1011 2345 1086 2390 anno
1103 2345 1141 2386 ex

110 2429 136 2472 as
147 2415 269 2472 omniurn
284 2415 497 2490 magistratuum
511 2429 622 2490 genere
638 2414 771 2493 plerique
787 2425 909 2475 mortem
924 2414 1064 2476 obierant.
1082 2411 1141 2472 Sed

144 2513 200 2556 nec
214 2499 278 2577 ipse
290 2499 443 2574 ignorasse
458 2507 505 2559 aut
516 2496 711 2558 dissimulasse
726 2499 823 2560 ultima
836 2501 910 2560 vitae
924 2517 994 2560 suae
1008 2507 1141 2576 tempora

144 2579 271 2658 videtur,
295 2581 406 2661 aliquot
425 2581 538 2662 quidem
561 2584 746 2658 argumentis.
779 2584 851 2644 Nam
870 2593 900 2644 et
921 2602 985 2644 cum
1006 2581 1142 2642 consules

59 2684 66 2694 ¹
145 2663 328 2743 designaret,
347 2668 488 2725 neminem
505 2664 579 2726 ultra
598 2683 726 2726 mensem
745 2684 802 2746 quo
825 2669 896 2728 obiit
914 2667 1089 2744 designavit,
1113 2671 1142 2722 et

107 2808 111 2814 ,
145 2747 174 2808 in
195 2758 311 2826 senatu,
339 2751 383 2809 cui
411 2751 568 2810 novissime
589 2750 730 2828 interfuit,
758 2752 874 2812 multum
895 2752 930 2813 ad
955 2748 1143 2811 concordiam

111 2851 137 2892 so
147 2831 256 2894 liberos
270 2850 340 2893 suos
352 2833 530 2909 cohortatus,
544 2833 692 2913 utriusque
704 2845 826 2897 aetatem
835 2835 1005 2916 suppliciter
1013 2831 1142 2912 patribus

148 2916 371 2995 commendavit,
389 2927 417 2978 et
432 2919 459 2978 in
471 2918 568 2978 ultima
583 2918 749 2995 cognitione
762 2937 816 2998 pro
830 2919 964 2980 tribunali
973 2913 1144 2978 accessisse

33 2633 52 2674 b,

146 3000 191 3060 od
203 3001 296 3080 finem
313 3002 528 3078 mortalitatis,
556 3018 726 3081 quamquam
745 3003 972 3065 abominantibus
985 3003 1034 3082 qui
1048 2997 1142 3060 audie·

146 3082 230 3164 bant,
246 3086 337 3146 semel
352 3095 437 3166 atque
453 3087 555 3146 iterum
570 3086 774 3163 pronuntiavit.
