2468 3912
116 153 158 214 50
204 163 234 211 c.
250 161 540 221 condomanam.
557 161 605 208 nn
619 161 702 208 mus
718 159 902 208 causacum
917 160 986 207 una.
1001 161 1038 208 11.

115 319 209 398 tiplioi
224 316 357 394 flagravit
377 316 492 378 invidia.
533 314 606 377 Nam
628 325 657 376 et
671 316 813 377 Pinariam
835 316 961 393 equitem
977 317 1015 377 R.
1042 333 1123 394 cnm,
1229 373 1230 390 ,

117 404 301 464 contionante
314 419 347 461 se
360 400 483 461 admissa
495 399 577 460 turbe
589 418 778 480 paganorum,
791 400 866 479 apud
877 399 980 460 milites
990 399 1122 460 subscri-

115 487 187 548 bere
203 484 343 564 quaedam
358 484 623 560 animadvertisset,
639 486 782 546 curiosum
794 502 829 544 ac
843 483 1058 563 speculatorem
1074 503 1123 546 ra·

114 580 178 647 tus,
202 586 301 629 coram
322 568 439 629 confodi
458 569 624 648 imperavit;
649 578 679 629 et
701 569 820 631 Tedium
841 568 942 628 Afrum
968 569 1124 630 consulem
1229 569 1230 578 ’

115 655 312 731 designatum,
341 655 406 732 quia
427 653 533 713 lactum
556 653 698 732 quoddam
722 673 803 714 suum
828 654 955 731 maligno
980 671 1120 714 sermone
1147 675 1160 720 u

116 737 291 816 carpsisset,
308 738 395 797 tantis
410 740 568 798 conterruit
582 740 677 816 minis,
692 747 722 798 nt
736 740 806 798 isse
820 739 1073 818 praecipitaverit3
1091 747 1123 798 et

115 822 248 898 Quintum
269 820 391 882 Gallium
415 831 597 902 praetorem,
620 823 649 882 in
671 823 769 884 ollioio
792 822 970 884 salutationis
992 821 1122 883 tabellas

115 906 247 985 duplices
262 915 345 967 veste
361 916 454 968 tectas
469 916 630 984 tenentem,
647 909 810 987 suspicatus
825 906 951 985 gladium
967 907 1120 985 occulere,

113 1009 169 1050 neo
185 990 337 1069 quidquam
353 992 462 1069 statim,
483 1009 520 1051 ne
545 990 621 1053 aliud
637 992 829 1069 inveniretur,
851 1009 938 1051 ausus
957 993 1118 1070 inquirere,

114 1075 201 1154 paulo
217 1083 284 1154 post
298 1093 352 1155 per
366 1076 550 1135 centuriones
566 1085 595 1136 et
610 1075 716 1136 milites
731 1085 843 1156 raptum
859 1094 876 1135 e
891 1075 1035 1155 tribunali,
1053 1094 1160 1144 ser-10

113 1160 199 1220 vilem
215 1160 243 1218 in
263 1159 377 1220 modum
397 1161 482 1220 torsit
505 1178 540 1220 ac
554 1159 692 1220 latentem
714 1160 783 1220 nihil
805 1161 888 1220 iussit
904 1159 1012 1239 occidi,
1036 1160 1119 1240 prius

114 1245 206 1305 oculis
221 1246 283 1306 eius
303 1263 353 1305 sua
368 1263 452 1306 manu
468 1244 600 1314 eliossis3
624 1262 709 1323 quem
728 1254 824 1304 tamen
839 1243 939 1305 scribit
956 1243 1118 1322 conloquio

112 1331 203 1409 petito
225 1327 388 1390 insidiatum
409 1327 464 1388 sibi
486 1331 706 1408 coniectumque
726 1347 743 1388 a
764 1347 797 1389 se
819 1330 847 1389 in
866 1328 1041 1405 custodiam,
1065 1328 1118 1388 de·
1218 1349 1230 1404 c

111 1413 178 1472 inde
198 1412 270 1473 urbe
290 1412 441 1473 interdicta
467 1413 627 1491 dimissum,
651 1413 801 1491 naufragio
824 1412 873 1473 vel
890 1413 1033 1473 latronum
1047 1415 1118 1473 insi·
1229 1447 1230 1542 p

113 1497 166 1557 diis
185 1498 309 1574 perisse.
347 1496 540 1556 Tribunioiam
560 1507 735 1577 potestatem
751 1506 921 1577 perpetuam
938 1498 1068 1575 recepit,
1086 1499 1118 1557 in
1127 1523 1156 1566 15
1229 1551 1230 1562 ,

113 1598 168 1659 qua
186 1579 276 1639 semel
291 1587 378 1657 atque
393 1581 495 1640 iterum
518 1598 572 1658 per
589 1583 703 1660 singula
725 1582 815 1645 lustra
833 1581 979 1659 collegam
994 1581 1050 1640 sibi
1065 1599 1117 1642 co·
1229 1571 1230 1628 Ῡ

113 1663 234 1742 optavit.
266 1663 392 1742 Recepit
408 1672 437 1724 et
452 1681 562 1724 morum
577 1665 733 1746 legumque
747 1667 879 1744 regimen
897 1684 990 1746 aeque
1007 1683 1116 1745 perpe·
1229 1685 1230 1728 l

110 1757 204 1822 tuum,
227 1763 284 1824 quo
308 1748 386 1825 inre,
414 1766 584 1830 quamquam
607 1750 669 1812 sine
686 1769 824 1812 censurae
842 1749 973 1829 bonore,
997 1768 1117 1810 censum
1229 1735 1230 1764 ¹

111 1840 207 1891 tamen
223 1830 325 1913 populi
339 1839 384 1894 ter
399 1833 475 1913 egit:
498 1837 617 1914 primum
633 1856 667 1897 ac
688 1837 801 1897 tertium
818 1854 881 1896 cum
898 1833 1030 1913 collega,
1054 1852 1116 1894 me-

112 1914 186 1978 dium
203 1919 292 1978 solus.
1123 1941 1154 1983 ao

68 2013 105 2067 ‘28
183 2003 228 2062 De
245 2003 392 2064 reddenda
407 2022 440 2063 re
453 2022 482 2084 p.
497 2003 543 2064 bis
556 2007 709 2083 cogitauit:
726 2007 847 2085 primum
859 2012 926 2083 post
939 2022 1117 2084 oppressum

119 2089 213 2148 statim
228 2087 398 2166 Antonium,
414 2107 524 2150 mernor
540 2089 683 2150 obiectum
699 2089 753 2150 sibi
770 2089 805 2150 ab
820 2106 857 2149 eo
874 2090 1007 2169 saepius,
1031 2091 1116 2168 quasi
1229 2083 1230 2154 l

112 2175 274 2253 peripsum
291 2182 382 2234 staret
403 2192 440 2234 ne
462 2174 646 2244 redderetur:
668 2193 703 2234 ao
726 2193 825 2234 rursus
846 2172 942 2234 taedio
965 2173 1115 2233 diuturnae

111 2256 290 2335 valitudinis,
313 2277 376 2317 cum
399 2260 484 2319 etiam
498 2259 712 2336 magistratibus
733 2276 768 2318 ac
789 2266 890 2318 senatu
906 2256 1020 2317 domum
1035 2259 1114 2317 acci-

111 2341 148 2400 tis
162 2343 347 2401 rationarium
361 2343 474 2419 imperii
490 2342 612 2403 tradidit.
640 2342 698 2403 Sed
712 2351 864 2422 reputans,
882 2351 911 2403 et
926 2359 958 2401 se
972 2343 1115 2421 privatum
1124 2367 1153 2408 as

111 2440 170 2482 non
188 2425 250 2483 sine
265 2425 397 2502 periculo
413 2425 477 2485 fore
494 2437 523 2486 ct
539 2427 617 2488 illam
633 2428 754 2506 plurium
769 2427 888 2486 arbitrio
905 2435 1015 2486 temere
1034 2443 1113 2487 com-

110 2507 198 2583 mitti,
216 2508 245 2566 in
262 2507 411 2568 retinenda
427 2513 641 2589 perseveravit,
658 2511 788 2589 dubium,
811 2519 917 2570 eventu
937 2511 1060 2571 meliore
1076 2529 1114 2570 an

110 2590 269 2652 voluntate.
303 2592 393 2667 Quam
407 2595 596 2672 voluntatem,
619 2613 682 2655 cum
697 2614 768 2675 prae
790 2614 821 2656 se
839 2594 994 2655 identidem
1011 2595 1113 2673 ferret,

111 2674 235 2755 quodam
252 2676 337 2737 etiam
349 2677 444 2739 edicto
459 2677 504 2739 his
519 2678 617 2739 verbis
629 2690 750 2741 testatus
766 2689 827 2740 est:
844 2677 981 2739 llomilu'
989 2679 1114 2740 salvom

110 2777 150 2823 oc
172 2762 319 2840 sospitem
335 2779 400 2822 rem
413 2780 447 2840 p.
467 2764 577 2824 sistere
595 2764 628 2825 im
646 2782 706 2825 cuo
720 2765 794 2825 aede
810 2763 917 2840 liceat,
935 2771 1026 2844 atquo
1045 2763 1149 2830 eroso

108 2846 157 2907 rei
167 2843 303 2924 fructum
315 2846 495 2926 percipere,
513 2856 699 2928 pompato,
715 2857 749 2909 at
764 2848 870 2926 optimi
884 2854 986 2909 statos
1002 2853 1113 2909 auctor

109 2929 215 3009 dicor,
232 2938 262 2992 et
274 2931 409 2992 moriens
423 2930 571 3010 triferam
584 2952 700 2995 mecum
715 2951 816 3012 spem,
839 2949 991 2993 mansero
1011 2933 1044 2993 in
1058 2950 1110 2992 oe·

107 3015 198 3095 stigio
219 3033 276 3077 suo
296 3014 502 3094 fondamento
522 3019 618 3096 reip.
642 3037 722 3097 quoe
742 3019 854 3078 decoro.
889 3017 1029 3096 Fecitque
1045 3017 1111 3095 ipse

109 3116 142 3158 se
157 3109 322 3179 compotem
346 3103 422 3179 voti,
443 3103 522 3162 nisus
544 3103 620 3162 omni
633 3103 738 3180 modo,
760 3121 796 3162 ne
819 3119 903 3180 quem
927 3103 996 3163 novi
1019 3110 1111 3161 status

109 3185 280 3261 paeniteret.
1119 3209 1146 3251 as

173 3265 297 3344 Urbem,
313 3287 407 3347 neque
423 3287 477 3350 pro
494 3273 643 3332 maiestate
665 3272 778 3350 imperii
801 3281 929 3334 ornatam
945 3282 974 3332 et
992 3269 1108 3331 inunda-

108 3347 236 3409 tionibus
259 3351 456 3432 incendiisque
478 3356 647 3432 obnoxiam,
671 3357 800 3416 excoluit
820 3357 911 3434 adeo,
932 3366 963 3416 ut
986 3356 1047 3415 iure
1072 3357 1109 3414 sit

106 3433 265 3511 gloriatus,
281 3449 487 3498 marmoream
506 3456 541 3499 ce
553 3439 742 3520 relinquere,
760 3457 851 3520 quom
867 3440 1040 3502 latericiam
1055 3457 1107 3500 ac·
