2466 3896
420 241 720 290 nrvnscnnnnrus.
1023 229 1080 290 161

89 397 208 474 ademit,
222 397 343 458 Rhodiis
355 396 393 456 ob
405 399 608 476 paenitentiam
623 406 752 458 veterum
766 399 936 460 delictorum
949 391 1084 456 reddidit.

90 481 255 560 Iliensibus,
273 483 354 561 quasi
369 482 515 544 Romanae
530 483 627 560 gentis
642 485 826 561 auctoribus,
847 483 951 544 tributa
973 485 1001 541 in
1017 499 1083 560 per·

92 577 203 648 petuum
212 569 337 644 remisit
353 569 474 626 recitata
489 577 590 627 uetere
600 567 724 644 epistula
739 567 850 629 Graeca
863 577 979 628 senatus
992 582 1084 646 popu-

91 655 166 732 lique
181 652 216 711 ll
230 651 354 711 Seleuco
370 652 434 729 regi
451 652 601 711 amicitiam
616 660 646 710 et
655 654 824 712 societatem
842 654 881 713 ita
893 652 1006 712 demum
1021 648 1085 729 pol-

66 738 218 813 olicentis,
237 737 261 796 si
287 737 519 814 consanguineos
540 752 608 796 suos
629 736 751 796 llienses
775 737 810 796 ab
832 738 907 795 omni
929 753 1019 795 onere
1036 735 1084 793 irn-

91 839 188 881 munes
211 822 413 898 praestitisset.
441 819 565 881 ludaeos
589 821 747 898 impulsore
763 819 888 880 Chresto
910 819 1026 880 assidue
1043 811 1103 878 tu?
1132 869 1136 883 .

91 904 250 965 multuantis
271 905 362 965 lloma
383 905 501 984 expulit.
524 904 731 966 Germanorum
754 904 892 982 legatis'
884 922 912 962 ιιι
934 903 1085 963 orchestra

13 1037 26 1068 ,
92 989 193 1050 sedere
221 991 365 1067 permisit,
396 990 579 1068 simplicitate
609 1008 708 1049 eorum
734 999 763 1049 et
789 987 891 1048 liducia
917 996 1085 1062 commotus,

92 1073 168 1152 quod
185 1075 213 1132 in
231 1074 382 1152 popularia
398 1073 527 1150 deducti,
549 1092 612 1134 cum
630 1073 899 1135 animadvertissent
913 1070 1037 1130 Parthos
1058 1079 1087 1129 et

59 1169 83 1209 1⁰
92 1159 244 1218 Armenios
260 1157 388 1218 sedentis
403 1159 431 1216 in
447 1167 565 1235 senatu,
586 1159 622 1218 ad
638 1159 739 1219 eadem
759 1158 826 1218 loca
841 1165 946 1236 sponte
964 1155 1085 1213 transie-

92 1251 168 1320 rant,
186 1241 274 1301 nihilo
290 1242 463 1302 deteriorem
483 1243 616 1302 virtutem
631 1252 678 1303 aut
699 1241 894 1302 conditionem
909 1256 988 1298 suam
1003 1255 1086 1317 prae·

92 1327 229 1386 dicantes.
253 1324 424 1400 Dryidarum
441 1325 613 1403 religionem
629 1327 703 1406 apud
720 1326 819 1387 Gallos
836 1325 915 1386 dirae
932 1322 1087 1383 immanita·

91 1415 144 1487 tis,
162 1418 192 1468 et
206 1419 311 1469 tantum
329 1410 438 1470 civibus
457 1409 508 1468 sub
524 1407 658 1488 Augusto
675 1410 869 1488 interdictam,
885 1410 1001 1488 penitus
1019 1406 1087 1466 abo-

91 1495 177 1562 levit;
205 1502 305 1554 contra
325 1511 409 1554 sacra
423 1494 570 1556 Eleusinia
591 1497 675 1555 etiam
692 1495 850 1555 transferre
865 1513 902 1554 ex
920 1493 1014 1553 Attica
1029 1491 1088 1551 llo·

13 1579 165 1638 1⁵mam
182 1587 301 1638 conatus
326 1587 369 1638 est
377 1578 635 1659 ,templumque
626 1599 655 1640 ιιι
676 1580 775 1640 Sicilia
792 1579 922 1640 Veneris
943 1577 1088 1652 Erycinae

93 1670 235 1722 vetustate
253 1662 419 1742 conlapsum
430 1673 461 1723 ut
476 1682 514 1723 ex
529 1667 642 1725 aerario
655 1682 724 1745 pop.
737 1665 772 1725 ll.
785 1653 970 1754 reficeretur,
987 1670 1090 1721 auctor

92 1749 154 1808 fuit
178 1744 248 1805 Cum
262 1747 382 1824 regibus
397 1748 525 1808 ioedos'
517 1768 545 1808 ιιι
564 1751 630 1810 foro
652 1751 702 1809 icit
721 1747 811 1828 porca
827 1766 913 1809 caesa
936 1765 974 1807 ac
986 1755 1088 1806 vetere

13 1829 232 1890 ,fetialium
249 1833 430 1909 praefatione
452 1832 586 1894 adhibita.
611 1834 668 1894 Sed
693 1843 722 1892 et
736 1832 810 1892 haec
825 1842 854 1892 et
869 1841 968 1892 cetera
985 1839 1087 1891 totum-

94 1933 150 1994 que
163 1913 236 1974 adeo
249 1925 378 1994 exparte
389 1935 492 1992 magna
510 1920 698 1996 principatum
710 1935 766 1975 non
778 1926 835 1976 tam
850 1932 903 1975 suo
920 1933 1003 1993 quam
1017 1931 1088 1973 uxo·

58 2012 156 2058 rorum
175 1998 400 2078 libertorumque
429 2000 546 2060 arbitrio
569 2001 788 2076 administravit,
813 2000 878 2059 talis
900 1999 1006 2076 ubique
1027 1997 1089 2076 ple·

94 2099 226 2160 rumque,
243 2083 355 2160 qualern
372 2101 438 2142 esse
454 2101 517 2142 eum
532 2093 580 2144 aut
594 2085 747 2164 expediret
762 2083 819 2143 illis
836 2092 883 2143 aut
897 2082 1012 2142 liberet.

156 2167 285 2246 Sponsas
314 2166 462 2227 admodum
491 2167 662 2228 adulescens
689 2168 758 2228 duas
785 2167 904 2227 habuit:
938 2164 1088 2224 Aemiliam
1099 2169 1134 2222 26

13 2267 19 2308 ι
93 2250 229 2331 Lepidam
246 2250 369 2329 Augusti
391 2260 591 2330 proneptem,
612 2255 678 2313 item
700 2251 808 2312 Liviam
822 2250 1023 2324 Medullinam,
1045 2249 1090 2307 cni

13 2351 16 2392 ι
95 2345 125 2395 et
140 2353 304 2413 cognomen
322 2335 460 2398 Camillae
478 2344 555 2413 erat,
574 2355 590 2395 e
609 2355 719 2413 genere
737 2337 852 2415 antiquo
873 2334 1021 2395 dictatoris
1038 2331 1091 2393 Ca-

58 2419 174 2480 rsmilli.
219 2419 365 2496 Priorem,
391 2420 467 2500 quod
490 2429 626 2500 parentes
647 2439 709 2481 erus
723 2421 884 2498 Augustum
902 2418 1124 2494 offenderantt
1109 2422 1177 2469 tit

94 2505 237 2582 virginem
259 2503 351 2564 adhuc
371 2505 546 2585 repudiavit,
566 2506 759 2606 posteriorem
782 2508 847 2585 ipso
869 2505 934 2580 die,
960 2506 1007 2583 qui
1031 2511 1093 2562 erat

95 2589 202 2667 nuptiis
219 2587 391 2666 destinatus,
409 2607 447 2649 ex
463 2588 618 2649 valitudine
637 2591 738 2650 amisit.
760 2591 878 2652 Uxores
894 2588 997 2648 deinde
1014 2587 1094 2647 duxit

13 2687 25 2712 ι’
95 2672 234 2733 Plautiam
255 2673 464 2750 Urgulanillam
484 2674 661 2753 triumphali,
686 2685 714 2734 et
736 2693 804 2735 mox
820 2673 932 2734 Aeliam
948 2662 1093 2732 Paetinam

98 2756 243 2816 consulari
260 2766 352 2836 patre
378 2755 447 2817 Gom
463 2767 583 2838 chaque
599 2758 751 2819 divortium
764 2759 851 2834 fecit,
873 2757 924 2817 sed
942 2773 1005 2815 cum
1023 2753 1093 2814 Pae·

60 2849 87 2891 ³⁰
97 2841 156 2900 tina
171 2858 209 2899 ex
221 2840 334 2901 levibus
347 2843 481 2920 oliensis,
499 2861 562 2902 curn
577 2843 759 2920 Urgulanilla
775 2843 812 2902 oh
826 2841 973 2901 libidinum
986 2837 1094 2918 probra

97 2933 126 2984 et
155 2924 299 2985 homicidii
325 2928 520 3008 suspitionem.
552 2927 622 2987 Post
651 2928 703 2988 has
728 2927 874 2987 Valeriam
900 2923 1093 2996 Messalinam,

95 3008 214 3069 Barbati
228 3009 372 3072 Messalae
394 3011 560 3071 consobrini
583 3012 626 3072 sui
648 3012 750 3089 liliam,
775 3013 803 3069 in
818 3010 1026 3070 matrimonium
1048 3023 1095 3066 ac

99 3094 187 3172 cepit.
226 3094 316 3169 Quam
341 3113 403 3155 cum
425 3097 617 3174 comperisset
638 3114 727 3174 super
751 3104 849 3155 cetera
878 3081 987 3170 ilagitia
1009 3099 1097 3170 atque

13 3193 19 3208 ·
98 3176 247 3239 dedecora
266 3177 298 3238 C
316 3179 387 3240 Silio
405 3182 488 3240 etiarn
509 3183 644 3259 nupsisse
660 3179 728 3240 dote
746 3182 821 3239 inter
841 3179 977 3257 auspices
1001 3175 1095 3236 consi·

60 3271 201 3340 cognata
224 3263 368 3342 supplicio
390 3263 496 3324 adiecit
520 3265 755 3364 confirmavitque
783 3274 837 3342 p'ro
862 3263 998 3324 contione
1021 3259 1097 3339 apud

13 3411 14 3440 ,
98 3349 312 3424 praetorianos,
325 3355 474 3428 qttotenos
486 3348 548 3409 sihi
557 3349 754 3410 matrimonio
764 3348 846 3410 mole
859 3347 1011 3421 cederent,
1023 3364 1096 3424 per-

13 3449 29 3505 ι
97 3447 327 3492 monstrantes
342 3433 374 3492 in
390 3431 562 3509 coelibatu,
579 3451 618 3494 oc
632 3432 946 3514 nistpermmtsisset,
971 3447 1096 3492 onore·

13 3539 18 3632 ,
41 3513 54 3527 “
99 3521 281 3575 casatorum
303 3515 430 3594 confodi
446 3515 624 3578 monibus
610 3529 759 3596 tpsorom.
792 3517 857 3578 Nec
879 3517 988 3664 ¹riprare
1010 3513 1100 3575 valuit
1213 3553 1219 3608 ,

151 3617 302 3658 sunrourus
783 3607 788 3641 ι
