2450 3910
375 211 479 260 nuvrm
495 212 738 262 vnsnnsrnucs.
1004 199 1065 262 233

70 365 166 447 pilum
183 370 314 443 matare,
329 384 392 427 coc
407 385 519 430 morea.
559 369 630 429 Sunt
647 379 748 430 contra
772 369 819 448 qni
840 368 1009 447 opinentur,
1030 367 1066 428 ad

72 450 217 511 manubias
240 459 269 510 et
290 451 407 530 rapinas
428 452 606 512 necessitate
630 453 809 534 compulsum
830 471 938 514 summa
962 454 1065 512 aerarii

73 537 193 614 liscique
211 534 323 614 inopia;
341 534 377 594 de
393 553 449 614 qna
464 537 632 596 testificatus
654 539 691 598 sit
711 538 792 598 initio
808 539 900 598 statim
922 537 1063 617 principa·

20 637 22 648 ¹
72 629 135 696 tus,
162 619 314 698 professus
338 619 587 700 quadriapecties
605 621 716 681 millies
731 639 810 699 opas
827 639 904 698 esse,
920 627 954 682 at
966 639 1018 682 res
1029 639 1062 699 p.

53 711 161 766 astare
172 709 288 782 posset.
314 703 399 777 Quod
414 713 443 763 et
458 705 521 764 veri
537 705 661 765 similius·
671 705 801 782 videtur,
816 705 928 784 qnando
946 715 975 765 et
990 706 1064 766 male

71 790 162 868 partis
180 790 287 866 optime
303 797 443 848 ususest.
482 788 515 848 ln
530 807 614 849 omne
629 789 773 849 hominum
787 807 880 866 genus
896 787 1063 850 liberalissi·
1073 805 1105 860 17

70 892 148 950 mus,
170 873 300 953 explevit
316 889 432 932 censum
457 876 645 951 senatorium,
668 872 836 934 consulares
857 875 961 953 inopes
984 877 1062 952 quin·

70 957 155 1034 genis
172 957 314 1017 sestertiis
328 958 429 1018 annuis
444 960 625 1035 sustentavit,
641 959 778 1038 plurimas
794 975 847 1036 per
858 965 947 1016 totum
964 957 1064 1016 orbem

72 1042 204 1102 civitates
219 1049 407 1102 terraemotu
423 1050 471 1102 aut
486 1043 619 1103 incendio
634 1041 756 1103 aillictas
773 1041 898 1100 restitnit
912 1041 941 1099 in
953 1041 1063 1118 melius,

39 1138 62 1180 ro
71 1125 188 1204 ingenia
209 1134 239 1185 et
258 1133 336 1185 artes
356 1125 403 1185 vel
427 1126 547 1186 maxime
568 1126 651 1187 lovit.
675 1126 796 1186 Primus
825 1143 841 1183 e
863 1125 935 1185 fisco
958 1123 1064 1185 Latinis
1073 1134 1107 1190 18

71 1210 250 1289 Graecisque
268 1208 434 1269 rhetoribus
448 1227 539 1270 annua
564 1219 686 1271 centena
708 1209 868 1278 constituit;
891 1209 1063 1286 praestantis

70 1303 186 1374 poetas,
201 1311 257 1353 neo
273 1310 332 1353 non
346 1302 376 1353 et
390 1294 533 1369 artifices,
551 1292 630 1354 Coae
647 1294 786 1371 Veneris,
802 1294 870 1352 item
886 1290 1003 1353 Colossi
1018 1311 1063 1351 re-

68 1380 213 1440 fectorem
234 1377 340 1454 insigni
356 1378 505 1454 congiario
525 1395 686 1458 magnaque
700 1377 837 1438 mercede
853 1377 983 1446 donavit3
1005 1393 1063 1434 me-

69 1464 193 1526 chanico
209 1478 335 1540 quoqne,
351 1459 471 1539 grandis
487 1461 634 1523 columnas
647 1463 752 1540 exigua
764 1463 895 1541 impensa
910 1461 1063 1540 perductu-

36 1567 58 1610 c
68 1565 133 1608 rum
150 1547 178 1604 in
196 1543 369 1625 Capitolium
385 1545 553 1625 pollicenti,
572 1549 729 1625 praemium
743 1563 798 1627 pro
822 1554 983 1606 commento
1005 1562 1064 1604 non

68 1629 220 1691 mediocre
236 1630 349 1709 optulit,
365 1648 484 1710 operam
498 1631 618 1708 remisit,
631 1631 778 1710 praelatus
794 1631 907 1692 clamet
918 1628 1062 1708 scplebc·

70 1715 175 1778 catam
186 1730 330 1791 pascere.
366 1713 467 1792 Ludis,
485 1733 538 1794 per
553 1733 626 1795 quos
644 1733 750 1776 scaena
765 1715 944 1776 Marcelliani
961 1714 1065 1774 theatri
1073 1723 1106 1775 19

68 1799 204 1861 restituta
219 1798 415 1878 dedicabatur,
432 1807 533 1859 vetera
549 1817 666 1879 qnoque
683 1809 847 1860 acroamata
860 1806 1062 1860 revocaverat.

68 1883 206 1964 Apellari
221 1883 363 1962 tragoedo
380 1883 607 1963 quadringenta,
624 1885 741 1963 Terpno
753 1883 942 1963 Diodoroque
961 1881 1063 1943 cithar-

34 1969 154 2030 moedis
169 1967 290 2044 ducena,
308 1967 451 2028 nonnullis
462 1977 593 2046 centena,
612 1967 714 2047 quibus
726 1969 867 2026 minimum
879 1967 1064 2045 quadragena

68 2053 205 2114 sestertia
221 2069 310 2130 super
325 2052 462 2131 plurimas
477 2070 602 2114 coronas
619 2070 723 2114 aureas
745 2051 830 2112 dedit.
868 2051 926 2111 Sed
948 2060 977 2110 et
995 2067 1063 2109 con·

68 2136 223 2198 vivebatur
239 2135 364 2213 assidue,
383 2154 418 2196 ac
430 2138 546 2216 saepius
560 2145 642 2198 recta
657 2146 686 2196 et
699 2135 821 2215 dapsile,
837 2144 868 2196 ut
879 2134 1065 2196 macellarios

67 2222 229 2283 adiuvaret.
264 2219 358 2280 Dabat
373 2220 447 2280 sicut
457 2220 655 2282 Saturnalibus
666 2222 736 2280 viris
751 2219 944 2298 apophoreta,
960 2220 997 2278 ita
1010 2235 1064 2296 per

67 2307 116 2368 Kl.
132 2305 216 2366 blant.
231 2305 359 2374 leminis;
383 2313 412 2364 et
433 2313 527 2365 tamen
543 2324 579 2364 ne
594 2307 636 2366 sic
653 2304 768 2383 quidem
784 2305 904 2383 pristina
926 2301 1063 2382 cupidita-

32 2405 57 2446 ss
68 2395 106 2452 tis
123 2389 238 2450 infamia
254 2390 354 2449 carnit.
383 2388 571 2449 Alexandrini
586 2388 784 2465 Cybiosacten
800 2405 864 2448 eum
878 2403 988 2448 vocare
998 2405 1063 2467 per·

67 2481 291 2548 seperaverunt,
309 2475 482 2550 cognomine
498 2475 580 2534 unius
596 2492 613 2534 e
627 2473 747 2551 regibus
764 2474 822 2532 suis
837 2472 1064 2551 turpissimarum

67 2558 207 2621 sordium.
244 2556 303 2616 Sed
316 2566 345 2616 et
361 2558 390 2617 in
403 2557 506 2617 lunera
520 2557 617 2618 Fauor
631 2558 811 2618 archimimus
832 2573 986 2635 personam
1002 2557 1063 2614 eius

66 2645 169 2705 lenens
182 2641 363 2720 imitansque,
379 2650 410 2701 ut
426 2650 471 2702 est
485 2658 559 2718 mos,
579 2642 657 2702 laeta
673 2660 708 2702 ac
723 2641 799 2702 dicta
815 2641 884 2716 vivi,
902 2641 1062 2716 interroga·

41 2723 43 2728 ’
66 2729 104 2787 tis
121 2725 217 2806 palam
233 2724 488 2805 procuratoribus,
514 2727 609 2803 quanti
620 2726 714 2785 'funus
737 2733 766 2784 et
782 2741 888 2803 pompa
906 2729 1062 2798 constaret,

32 2821 98 2872 nont
117 2809 204 2887 audit,
220 2809 360 2870 sestertio
378 2810 521 2883 centiens,
539 2809 726 2886 exclamavit,
744 2815 862 2870 ceratam
876 2805 939 2866 sibi
950 2811 1061 2866 sceter-

67 2896 114 2956 tic
130 2892 251 2971 darent,
268 2911 308 2954 cc
321 2911 356 2954 oc
369 2894 420 2954 oei
433 2893 465 2953 iu
486 2891 618 2952 Tiberim
630 2893 815 2970 proicerent.

133 2979 246 3038 Statura
263 2978 314 3038 luit
327 2977 474 3056 quadrata,
493 2977 653 3054 compactis
664 2978 810 3056 firmisque
823 2973 967 3051 membris,
984 2972 1107 3033 vultune

67 3062 160 3122 veluti
175 3063 305 3130 nitentis;
330 3061 366 3122 de
383 3078 440 3139 quo
457 3060 570 3140 quidam
591 3059 764 3120 urbanorum
783 3077 840 3119 non
863 3060 1005 3119 inlacete:
1026 3058 1063 3117 si·

68 3145 186 3226 quidem
203 3147 329 3224 petenti,
350 3154 424 3206 utet
440 3146 468 3203 in
486 3161 519 3205 se
539 3143 646 3222 aliquid
669 3144 794 3220 diceret,
814 3143 941 3219 Dicam,
963 3143 1063 3221 inquit,

33 3250 59 3292 aa
69 3249 141 3292 cam
158 3236 293 3292 ecetram
313 3247 489 3291 macerare
503 3227 641 3289 desieris.
686 3227 851 3288 valitudine
867 3229 1064 3307 prosperrima

69 3333 142 3375 usus
156 3323 212 3391 est,
229 3315 357 3394 quamvis
374 3313 409 3373 ad
425 3313 557 3374 tuendam
572 3331 634 3374 eam
649 3311 718 3371 nihil
735 3311 855 3390 amplius
869 3329 951 3390 quam
963 3311 1063 3372 lauces

70 3408 230 3478 ceteraque
240 3398 366 3460 membra
378 3397 490 3458 sibimet
504 3397 696 3458 adnumerum
708 3397 736 3454 in
753 3395 959 3475 sphaeristerio
977 3394 1063 3455 deiri-

70 3491 162 3561 caret,
174 3483 355 3563 inediamque
367 3483 449 3543 unius
461 3481 517 3542 diei
529 3500 583 3561 per
594 3481 724 3560 singulos
732 3497 848 3540 menses
856 3479 1062 3560 interponeret.
