2450 3910
89 367 92 374 ι
127 290 187 352 176
217 301 247 350 c.
265 300 415 350 sonnonr
431 301 556 360 unane.
571 301 619 348 os
636 300 718 348 vmu
735 300 919 349 cunsunnu
933 302 1002 348 uns.
1020 302 1067 350 vr.

127 455 303 532 cohortibus,
326 453 415 514 curuli
438 454 569 514 residens
590 455 665 535 apud
682 465 778 516 rostra
792 456 991 535 triumphantis
1013 455 1122 529 habitu,

125 543 199 600 inter
219 541 303 616 signa
323 538 455 598 militaria
478 548 563 617 atque
584 540 706 608 vexilla;
735 548 763 600 et
787 542 878 618 primo
901 559 954 619 per
980 541 1121 601 devexum

125 622 1121 703 pulpitumsubeuntcmadmisitadgenuaadlevatumquedextracxo-
1203 649 1208 660 ¹

125 708 253 767 sculatus
273 715 334 784 est,
359 706 424 766 dein
446 709 576 784 precanti
596 709 667 768 tiara
689 706 811 767 deducta
834 708 963 769 diadema
983 711 1121 788 inposuit,

124 791 214 851 verba
238 791 379 870 supplicis
400 792 587 869 interpretata
610 793 758 869 praetorio
780 793 843 852 viro
866 793 1033 854 multitudini
1054 812 1146 873 pro-s

124 877 284 945 nuntiante;
307 874 475 954 perductum
490 874 556 934 inde
570 877 599 936 in
613 875 755 935 theatrum
778 893 812 936 ac
834 895 934 936 rursus
958 877 1121 956 supplican-

125 970 182 1020 tem
198 961 275 1019 iuxta
291 977 324 1018 se
339 959 431 1018 latere
453 958 555 1018 dextro
578 959 752 1019 conlocavit.
797 959 841 1019 oh
866 978 940 1039 quae
965 963 1122 1040 imperator

83 1059 117 1112 14
127 1043 331 1119 consalutatus,
348 1042 447 1103 laurea
463 1044 490 1102 in
508 1041 680 1121 Capitolium
695 1037 875 1182 lataplauum
889 1045 1033 1122 geminum
1045 1045 1121 1106 clau-

120 1131 171 1206 sit,
188 1137 245 1186 tam
260 1128 339 1187 nullo
355 1144 439 1205 quam
455 1127 571 1186 residuo
586 1125 675 1187 bello.
862 1128 863 1133 ’

189 1211 361 1273 Consulatus
371 1220 509 1292 quattuor
522 1212 614 1288 gessit
627 1232 634 1270 :
649 1212 770 1290 primum
793 1210 993 1288 bimenstrem,
1019 1225 1157 1273 secun-1⁰

126 1298 191 1357 dum
207 1306 236 1356 et
250 1297 435 1356 novissimum
450 1304 636 1372 semenstres,
652 1297 765 1355 tertium
777 1295 1047 1373 quadrimenstrem;
1062 1315 1120 1356 me·

126 1383 189 1442 dios
211 1381 282 1442 duos
304 1381 494 1458 continuavit,
521 1375 650 1458 reliquos
669 1381 743 1439 inter
764 1397 855 1440 annua
876 1382 969 1460 spatia
989 1382 1120 1442 variavit.

83 1480 117 1531 15
126 1467 158 1526 ln
174 1467 243 1526 iuris
260 1465 386 1525 dictione
402 1464 641 1544 postulatoribus,
656 1465 710 1524 nisi
725 1465 857 1542 sequenti
873 1464 919 1526 die
929 1484 963 1524 ac
973 1483 1028 1544 per
1039 1455 1120 1524 libel-

126 1552 182 1628 los,
198 1568 256 1609 non
272 1559 383 1610 temere
397 1548 556 1632 respondit.
592 1547 799 1626 cognoscendi
814 1565 923 1608 morem
939 1567 1003 1609 cum
1018 1550 1120 1625 tenuit,

125 1645 155 1695 ut
171 1634 314 1694 continuis
330 1633 492 1692 actionibus
508 1633 621 1693 omissis
637 1632 803 1710 singillatim
818 1650 951 1711 quaeque
966 1652 1020 1713 per
1039 1635 1121 1693 vices
1131 1648 1156 1689 15

125 1726 238 1797 ageret.
284 1718 425 1792 Quotiens
442 1725 536 1776 autem
552 1717 588 1776 ad
602 1717 817 1777 consultandum
833 1717 1003 1796 secederet,
1021 1736 1121 1796 neque

126 1806 154 1862 in
171 1819 319 1861 commuue
336 1802 489 1878 quicquam
505 1819 599 1879 neque
624 1801 774 1879 propalam
795 1799 992 1879 deliberabat,
1020 1801 1072 1862 sed
1093 1810 1123 1861 et

127 1885 308 1965 conscriptas
337 1885 372 1944 ab
403 1901 460 1944 uno
487 1902 606 1963 quoque
633 1886 790 1945 sententias
817 1886 920 1945 tacitus
947 1905 981 1946 ac
1004 1895 1121 1946 secreto

125 1970 239 2047 legens,
261 1968 339 2049 quod
353 1969 409 2048 ipsi
423 1969 555 2029 libuisset
570 1968 691 2048 perinde
708 1979 793 2048 atque
809 1969 939 2047 pluribus
955 1969 1030 2030 idem
1042 1968 1119 2031 vide·

125 2063 208 2114 retur.
219 2053 433 2134 pronuntiabat.
465 2063 467 2068 '
1130 2078 1156 2118 ao

81 2182 84 2193 .
188 2138 221 2198 ln
237 2139 342 2198 curiam
356 2137 554 2198 libertinorum
571 2137 648 2197 lilios
664 2138 711 2197 diu
725 2155 783 2196 non
807 2137 931 2209 admisit;
956 2138 1087 2199 admissis
1105 2155 1122 2196 a

126 2217 272 2304 prioribus
300 2223 479 2302 principibus
499 2221 631 2300 bonores
653 2221 828 2300 denegavit!
862 2221 1050 2298 Candidatus,
1073 2221 1139 2299 qui‹

126 2326 214 2387 supra
228 2325 373 2368 numerum
389 2313 497 2383 essent,
514 2308 541 2365 iu
556 2307 690 2366 solatium
705 2305 850 2366 dilationis
866 2323 1012 2366 aemonae
1029 2305 1119 2382 legio-

127 2393 210 2451 nibus
226 2393 403 2471 praeposuit.
449 2389 634 2451 Consulatum
656 2393 684 2450 in
708 2407 795 2450 senos
817 2390 986 2468 plerumque
1002 2405 1120 2466 menses
1175 2418 1185 2432 -

128 2476 214 2536 dedit.
243 2475 446 2552 Delunctoque
462 2476 540 2534 cirea
556 2475 602 2534 lll.
616 2474 676 2535 lan.
695 2474 789 2534 altero
805 2493 821 2534 e
840 2473 1015 2550 oonsulibus,
1031 2471 1118 2532 nemi·
1129 2491 1155 2529 os

127 2577 193 2618 nem
208 2558 360 2635 substituit,
375 2558 542 2637 improbans
558 2559 722 2639 exemplum
739 2568 823 2618 vetus
833 2557 938 2618 ¹Canini
951 2557 1048 2630 Rebili
1062 2571 1119 2616 uno

128 2643 174 2702 die
189 2643 326 2702 consulis.
356 2630 549 2722 Triumphdlia
561 2652 726 2703 ornamenta
738 2645 824 2702 stiam
837 2645 1018 2722 quaestoriae
1031 2641 1120 2719 digni-

128 2728 194 2788 tatis
210 2735 240 2786 et
255 2726 401 2786 nonnullis
425 2745 463 2786 ex
478 2730 608 2804 equestri
627 2726 727 2787 ordine
750 2727 865 2804 tribuit,
884 2731 940 2787 nec
963 2729 1062 2806 utique
1085 2724 1120 2784 de

128 2829 215 2872 causa
237 2810 359 2870 militari.
402 2810 446 2869 De
470 2810 636 2888 quibusdam
657 2813 743 2871 rebus
764 2813 912 2872 orationes
933 2811 968 2871 ad
992 2818 1119 2870 senatum

66 2901 69 2908 '
127 2897 246 2973 missas,
263 2896 421 2975 praeterito
440 2897 602 2973 quaestoris
618 2896 734 2972 oilicio,
753 2913 806 2974 per
822 2897 970 2956 consulem
996 2895 1155 2974 plerum-³⁰

88 2999 185 3058 leque
200 2979 350 3040 recitabat.
392 2978 525 3039 Formam
543 2979 737 3041 aedificiorum
755 2979 833 3038 urbis
849 2996 954 3040 novam
972 2980 1119 3056 excogita·

128 3066 176 3141 vlt,
192 3073 222 3123 et
235 3074 265 3124 ut
281 3073 347 3126 ante
361 3062 469 3123 insulas
478 3081 517 3124 ac
538 3063 638 3124 domos
657 3065 788 3144 porticus
809 3073 923 3141 essent,
946 3063 981 3123 de
1004 3078 1119 3142 quarum

128 3149 242 3209 solariis
270 3148 401 3208 incendia
435 3157 617 3218 arcerentur;
645 3165 752 3226 easque
774 3157 887 3225 sumptu
911 3163 963 3207 suo
986 3147 1119 3207 extruxit.

127 3231 291 3293 Destinarat
307 3235 390 3293 etiam
412 3229 491 3291 Ostia
515 3227 598 3291 tenus
617 3233 730 3292 moenia
750 3249 924 3310 promovere
949 3236 1034 3310 atque
1055 3229 1119 3290 inde

128 3314 208 3372 losse
224 3334 302 3376 mare
317 3317 409 3376 veteri
426 3315 489 3376 urbi
504 3315 650 3376 inducere.
1129 3337 1157 3378 ss

191 3396 279 3458 ltlulta
299 3401 350 3459 snb
374 3417 409 3459 eo
428 3409 458 3459 et
477 3399 675 3460 animadversa
697 3394 801 3458 severe
831 3407 860 3458 et
890 3400 1037 3476 coercita,
1066 3416 1121 3459 nec

129 3481 220 3538 minus
236 3482 375 3543 instituta:
393 3483 535 3546 adbibitus
551 3483 709 3563 sumptibus
722 3483 840 3552 modus;
863 3481 997 3560 publicae
1012 3501 1121 3548 menae
1216 3517 1221 3524 -

130 3561 165 3622 ad
183 3562 328 3641 sportulas
342 3566 493 3637 redactae3
513 3567 694 3628 interdictum
711 3585 748 3628 ne
769 3565 836 3648 quid
856 3567 885 3624 in
905 3568 1021 3645 popinis
1045 3567 1121 3628 cocti
