2392 3926
222 210 498 259 nursnnmoaosr
518 209 697 258 crsaoaosr
716 209 914 268 uaeramus.
1008 196 1068 258 ato

137 365 299 443 Innocens,
318 365 463 444 innoxius]
488 366 628 424 innocens
648 374 693 424 est
714 364 819 424 nemini
840 381 966 442 nocens,
988 365 1069 423 inno·

72 453 140 513 xius
157 450 242 530 culpa
257 448 409 509 cuiuslibet
423 449 547 508 criminis
560 466 679 509 vacuus.

139 533 273 594 lnducias
298 533 402 593 foedus
430 541 458 592 ct
478 550 581 612 pacem
603 532 662 592 boc
682 533 816 609 interest,
839 531 917 610 quod
938 530 1070 593 induciae

73 618 313 678 numerodierum
327 617 468 694 liniuntur,
481 616 559 696 quod
572 626 599 676 et
613 625 790 695 sequestram
806 634 908 695 pacem
923 615 1070 695 appellant

46 717 61 757 s
75 712 121 764 ut:
133 719 216 782 poce
231 707 393 782 sepcmtro
404 696 462 762 Bis
475 717 566 762 senos
576 701 724 779 pepigere
741 699 828 771 ἀίεις
843 692 947 760 foedus
961 701 989 759 in
1003 716 1069 778 per·

76 796 195 865 pecuum
209 795 256 846 aut
270 786 299 845 in
315 803 451 847 annorum
467 795 576 846 certum
593 802 738 844 numerum
752 784 858 851 iertur;
879 802 936 862 pax
954 801 1017 843 cum
1033 798 1069 843 eo

76 870 188 949 populo
210 870 398 949 componitur,
428 869 476 947 qui
499 868 671 929 imbecillior
692 878 737 928 est
757 868 849 928 altero
872 868 1070 945 praevalente,

76 956 126 1034 qni
142 954 285 1013 existimet
299 955 384 1012 tubus
400 971 467 1013 esse
482 952 535 1012 sibi
552 951 731 1013 descendere
746 953 774 1010 in
789 950 972 1012 conditiones
988 952 1071 1030 pacis

77 1056 163 1116 quam
179 1036 291 1097 dubiam
306 1035 375 1095 belli
389 1037 532 1097 fortunam
545 1037 682 1115 experiri.

37 1133 66 1175 ιο
141 1121 257 1196 Laniat,
280 1121 417 1196 lancinat,
438 1120 547 1181 lacerat
569 1121 626 1180 boc
642 1120 753 1196 diliert,
774 1119 851 1198 quod
867 1118 954 1178 laniat
966 1119 1070 1195 lanius,

77 1223 143 1266 cum
157 1203 283 1264 membra
300 1204 445 1282 decerpit;
466 1204 575 1265 lacerat
588 1207 636 1283 qui
656 1203 785 1283 partibus
805 1205 864 1263 suis
878 1202 1006 1263 membra
1020 1203 1070 1264 de·

75 1291 183 1354 stituit:
206 1288 330 1348 lancinat
344 1289 391 1367 qui
406 1287 541 1347 inutiliter
554 1288 681 1348 membra
695 1287 844 1365 discerpit.

140 1372 241 1432 Lustra
269 1371 410 1451 producte
439 1380 468 1430 et
486 1371 576 1432 lustra
602 1381 737 1451 correpte
757 1371 815 1431 boc
835 1372 972 1450 interest,
995 1370 1072 1449 quod

76 1456 167 1517 ldstra
184 1464 263 1515 certa
277 1465 407 1535 tempora
424 1463 496 1533 sunt,
511 1454 601 1516 ldstra
617 1454 735 1516 latibula
752 1455 877 1516 terarum
889 1454 936 1515 vel
948 1455 1070 1533 turpium

36 1560 67 1602 so
79 1540 222 1600 bominum
241 1540 437 1620 receptacula.

140 1623 278 1701 Legatum
298 1632 328 1682 et
349 1623 506 1702 oratorem}
529 1622 643 1700 legatus
659 1622 766 1700 legitur
782 1622 818 1683 ad
840 1624 967 1683 cilicium
992 1642 1009 1683 a
1031 1625 1069 1683 ci·

78 1710 182 1775 uitate;
205 1716 302 1769 orator
319 1707 353 1768 ad
371 1706 506 1768 orandum
523 1709 643 1783 missus,
659 1709 699 1767 uti
726 1709 785 1769 oris
809 1709 920 1768 ratione
943 1716 1071 1786 exponat

77 1793 106 1853 id
120 1790 196 1870 quod
211 1793 291 1870 petit.

140 1875 261 1937 Liberos
283 1885 311 1936 et
328 1875 417 1953 lilios]
436 1876 485 1935 lilii
502 1875 659 1936 masculino
677 1893 788 1952 genera
805 1878 963 1955 ponuntur,
985 1875 1070 1935 liberi

37 1961 106 2020 suin
123 1969 246 2038 utroque
262 1978 348 2027 sexu:
372 1969 401 2018 et
417 1959 493 2038 quod
513 1959 563 2019 lilii
578 1961 607 2019 in
622 1976 768 2018 numerum
789 1959 964 2036 singularem
985 1977 1069 2019 revo-

79 2045 137 2104 cari
153 2052 289 2123 possunt,
304 2043 389 2104 liberi
404 2060 463 2103 non
477 2053 610 2122 possunt:
631 2043 730 2120 (nemo
746 2045 819 2102 enirn
832 2043 900 2103 dicit
921 2044 968 2121 qui
983 2040 1071 2103 babet

78 2145 162 2186 unum
176 2127 278 2187 lilium:
301 2145 385 2187 unum
400 2127 521 2188 liberum
534 2126 646 2206 babeo)
662 2129 729 2186 item
746 2127 823 2205 qnod
838 2127 878 2187 lili
894 2127 986 2186 omnis
1001 2145 1069 2187 con·

79 2211 192 2271 ditionis
208 2211 429 2288 intelleguntur,
450 2220 507 2271 tam
524 2213 602 2271 servi
618 2229 702 2290 quam
716 2211 849 2288 ingenui,
870 2209 953 2270 liberi
974 2221 1069 2272 autem

79 2311 135 2354 non
151 2296 280 2356 dicuntur
294 2296 347 2354 nisi
362 2297 409 2374 qui
425 2294 461 2355 ab
476 2297 607 2373 ingenuis
623 2304 786 2355 nascuntur.

40 2401 70 2442 ει
139 2379 234 2458 Leges
252 2389 280 2439 et
294 2380 355 2440 iura
369 2380 428 2440 boc
442 2379 553 2456 differt,
576 2378 653 2458 quod
671 2380 732 2438 iura
747 2388 866 2458 reperta
882 2387 946 2438 sunt
962 2379 997 2440 ab
1015 2379 1067 2439 bo·

78 2471 159 2522 nesta
178 2462 400 2532 consuetudine;
426 2462 514 2547 (unde
536 2465 620 2523 etiam
635 2465 679 2523 ius
695 2472 724 2523 et
744 2463 851 2524 iustitia
874 2464 937 2544 pari
957 2465 1087 2524 ratione

79 2546 207 2606 dicuntur
221 2547 256 2608 ab
273 2548 355 2608 unius
369 2549 507 2627 cuiusque
521 2545 599 2629 iure)
617 2547 710 2626 leges,
727 2547 803 2626 quod
820 2547 933 2608 electae
950 2550 1005 2607 sint
1022 2545 1069 2607 vel

78 2632 233 2692 sententias
247 2632 335 2691 artius
351 2633 442 2710 ligent
457 2651 508 2692 seu
523 2631 652 2709 alligent.

138 2713 295 2792 Legionem
319 2726 348 2775 et
366 2717 512 2794 dilectum]
531 2715 611 2793 legio
626 2715 729 2775 dicitur
746 2716 873 2776 virorum
889 2715 996 2779 electio
1008 2714 1067 2775 ior·

38 2799 144 2858 actium
160 2798 207 2858 vel
223 2809 320 2859 certus
336 2801 452 2860 militum
467 2818 612 2876 numerus,
627 2799 656 2858 id
671 2808 716 2859 est
728 2801 759 2866 V,
774 2813 830 2866 no;
854 2798 978 2860 dilectos
994 2815 1067 2878 quos

77 2885 198 2942 maxime
213 2882 372 2962 diligimus,
394 2894 423 2944 ut
438 2884 514 2944 lilios
528 2890 667 2963 parentes
681 2892 824 2961 cognatos
839 2883 888 2942 vel
903 2883 1018 2942 iratres.

135 2966 299 3028 Ludibrium
323 2977 352 3026 et
378 2967 529 3046 ludicrum]
557 2966 707 3027 ludibrium
725 2969 754 3027 in
778 2967 897 3028 alterius
920 2967 1065 3035 iniuriam:

78 3049 213 3111 ludicrum
232 3068 288 3129 quo
306 3051 361 3130 ipsi
379 3051 555 3111 delectamur
568 3052 630 3110 sine
646 3053 811 3130 cuiusquam
828 3051 1008 3111 contumelia.

137 3133 177 3195 bli
199 3133 313 3194 etmihi
334 3134 390 3193 boc
406 3134 516 3212 differt,
534 3136 572 3194 mi
593 3152 752 3212 pronomen
774 3145 818 3194 est
834 3136 960 3195 vocativi
982 3153 1065 3195 casus

40 3218 106 3276 35ιι
120 3218 198 3276 venit
213 3235 229 3277 a
245 3218 417 3279 nominativo
434 3237 530 3286 meus;
552 3219 619 3278 rnilri
636 3220 826 3299 compositum
841 3236 1000 3298 pronomen
1014 3217 1063 3278 da·

77 3301 126 3360 tivi
141 3319 240 3369 casus;
263 3311 292 3361 et
305 3302 343 3360 mi
360 3302 512 3380 aliquando
529 3303 642 3381 ponitur
658 3321 712 3383 pro
729 3301 867 3365 adverbio
890 3302 1015 3364 adfatiro
1035 3309 1065 3361 ut

76 3383 145 3445 vole
157 3384 199 3444 mi
207 3385 311 3463 frater
324 3385 489 3448 carissime
504 3386 586 3447 mitt.

136 3467 289 3530 Miseratus
311 3478 341 3530 et
359 3471 504 3551 misertus]
528 3471 603 3550 qood
617 3473 747 3532 miserari
770 3471 939 3533 calamitatis
959 3479 989 3530 et
1003 3469 1064 3529 ior·
