2466 3896
588 247 691 296 nuno.
1039 279 1045 290 ‚
1081 243 1137 304 171

149 486 271 547 Crassus
285 494 400 562 orator,
417 505 479 549 aaa
491 506 558 548 esse
570 489 758 564 mirandam,
775 488 856 566 qaod
869 505 997 548 aeneam
1009 489 1140 552 barbam

146 569 289 645 baberet,
311 569 362 629 cai
382 587 418 642 as
437 569 591 649 semesum,
615 590 669 633 cor
680 570 854 650 ptambeam
876 579 965 632 esset.
998 573 1204 637 iturust-n„

43 650 55 670 ³
146 656 202 715 lius
218 614 384 732 praeberi).
401 652 555 716 Caesarem
573 656 724 715 abeuntem
746 655 911 736 consulatu,
933 675 1017 736 quern
1038 659 1199 742 adver-M

121 724 196 798 s'sus
215 737 343 816 auspicia
359 737 502 817 legesque
517 741 647 816 gessisse
664 738 894 816 existimabatur,
916 738 951 800 ad
967 690 1166 821 disquisitio·

147 839 212 882 nem
225 829 339 882 senatus
352 825 482 892 vocavit;
499 841 567 884 mox
583 823 683 884 consul
696 825 899 901 imperatorem
912 823 947 882 ab
964 826 1139 887 exercitibus

16 974 22 987 ⁸
148 905 265 967 Gallicis
280 904 429 966 retrahere
451 909 615 987 temptavit,
639 923 851 984 successorque
867 907 893 965 ei
916 924 969 984 per
985 909 1140 970 factionem

1 1023 4 1034 =
41 1019 58 1054 ⁴.
146 992 320 1065 nommatus,
353 991 495 1070 principio
520 992 611 1051 civilis
633 991 703 1051 belli
723 990 759 1051 ad
782 988 937 1050 Corinium
961 1001 1062 1071 captus
1084 1003 1138 1054 est.

147 1073 229 1135 Unde
246 1072 377 1132 dimissus
393 1073 581 1135 Massiliensis
597 1075 748 1135 obsidione
763 1073 920 1133 laborantis
940 1093 1003 1134 curu
1016 1075 1147 1136 adventu⁴
1164 1075 1166 1080 ’

114 1171 199 1218 tosuo
216 1157 429 1234 confirmasset,
452 1169 573 1237 repente
589 1159 732 1235 destituit,
752 1159 872 1236 acieque
893 1156 1004 1218 demum
1021 1159 1141 1220 Pharsa-

147 1243 203 1302 lica
222 1239 371 1310 occubuit;
399 1244 444 1300 vir
465 1260 558 1321 neque
581 1246 649 1304 satis
671 1252 805 1304 constans
822 1243 873 1300 et
864 1243 983 1318 rrrgeuio
999 1245 1095 1320 trucii
1112 1245 1142 1302 in

148 1327 351 1403 desperatione
365 1342 460 1384 rerum
479 1335 600 1386 mortem
617 1329 719 1387 timore
737 1327 893 1424 appetitam
908 1327 945 1384 ita
962 1327 1094 1406 expavit,
1112 1335 1143 1385 ut

147 1410 276 1469 haustum
295 1426 436 1468 venenum
453 1401 628 1488 paenitentia
651 1411 811 1471 evomuerit
831 1408 1029 1489 medicumque
1046 1428 1140 1470 manu-

147 1493 256 1551 miserit
264 1491 365 1570 ,quod
380 1492 434 1552 sibi
449 1493 575 1572 prudens
591 1511 626 1554 ac
638 1496 733 1554 sciens
749 1495 840 1552 minus
854 1495 969 1554 noxium
983 1503 1141 1573 temperas-

113 1596 138 1637 ιι
148 1585 202 1636 set
226 1537 413 1636 Gdnsultante
430 1585 523 1637 autern
540 1576 599 1637 CN
616 1578 754 1657 Pompeio
770 1577 807 1637 de
828 1576 930 1636 mediis
955 1597 989 1638 ac
1012 1588 1141 1639 neutram

148 1667 259 1739 partem
275 1661 476 1739 sequentibus,
493 1662 573 1722 solus
589 1664 700 1722 censuit
714 1663 838 1722 hostium
849 1678 967 1720 numero
980 1661 1139 1722 habendos.

1 1778 8 1816 ι
111 1755 142 1774 ·“·
209 1742 336 1822 Reliquit
351 1744 437 1804 lilium
454 1746 583 1806 omnibus
595 1748 691 1821 gentis
711 1765 779 1808 suae
798 1745 901 1824 procul
922 1745 1008 1806 dubio
1024 1746 1138 1825 praele·
1151 1768 1169 1821 3

26 1824 50 1872 2-
146 1828 275 1888 rendum.
297 1826 351 1887 ls
342 1838 416 1889 mter
438 1831 573 1891 conscios
595 1828 787 1891 Caesarianae
807 1831 888 1888 necis
912 1847 1081 1908 quamquam
1096 1833 1138 1889 in·

147 1929 216 1972 sons
236 1910 382 1971 damnatus
403 1913 471 1989 lege
492 1914 594 1990 Pedia,
617 1933 680 1973 cum
702 1913 738 1974 ad
763 1910 892 1973 Cassium
912 1911 1085 1992 Brutumque
1108 1921 1224 1972 setec-

111 2018 138 2060 ιι
148 2012 311 2074 propinqua
326 1995 380 2055 sibi
395 1999 569 2073 cognatione
583 1999 696 2057 iunctos
713 1996 893 2073 contulisset,
911 1996 977 2075 pos't
992 1999 1140 2075 utriusque

145 2079 288 2139 interitum
305 2079 428 2139 classem
444 2080 511 2139 olim
530 2083 710 2141 commissam
728 2081 856 2155 retinuit,
875 2081 953 2140 auxit
966 2081 1067 2157 etiam,
1085 2097 1142 2138 nec

145 2165 200 2222 nisi
218 2163 346 2242 partibus
360 2162 465 2243 ubique
481 2163 643 2242 profligatis
657 2164 694 2225 Μ.
716 2163 843 2223 Antonio
864 2172 968 2243 sponte
991 2172 1019 2222 et
1040 2165 1140 2240 ingen-

60 2317 62 2324 ,
145 2250 182 2306 tis
196 2249 289 2306 metiti
305 2248 371 2308 loco
385 2247 516 2318 tradidit;
533 2249 670 2328 solusque
687 2247 809 2307 omnium
824 2265 861 2306 ex
872 2249 922 2323 iis,
940 2248 987 2324 qui
996 2249 1058 2326 pari
1071 2247 1141 2324 lege

59 2331 74 2355 l
146 2331 267 2392 damnati
293 2341 391 2409 erant,
416 2333 564 2400 restitutus
585 2333 613 2390 in
637 2333 771 2411 patriam,
800 2330 993 2409 amplissimos
1012 2330 1142 2391 honores

2 2472 4 2483 ,
111 2434 137 2474 as
146 2417 341 2494 percucurrit;
358 2435 394 2476 ac
405 2415 525 2476 subinde
538 2415 733 2492 redintegrata
745 2413 927 2475 dissensione
940 2413 1033 2492 civili,
1047 2415 1142 2476 eidem

144 2497 271 2558 Antonio
288 2499 563 2576 legatus,.delatam
579 2499 632 2560 sibi
654 2517 789 2560 summam
805 2500 918 2578 imperii
939 2497 974 2558 ab
991 2500 1041 2576 iis,
1067 2516 1141 2578 quos

145 2583 319 2661 Cleopatrae
332 2583 476 2662 pudebat,
492 2602 586 2664 neque
596 2586 747 2663 suscipere
758 2601 853 2662 neque
868 2601 1006 2643 recusare
1019 2583 1142 2643 fidenter

144 2675 267 2745 propter
285 2666 405 2727 subitam
420 2667 610 2728 'valitudinem
629 2687 730 2746 ausus,
753 2667 863 2728 transiit
885 2666 920 2727 ad
936 2665 1096 2744 Augustum
1113 2673 1142 2724 et

144 2752 172 2809 in
185 2749 286 2810 diebus
301 2751 401 2829 paucis
414 2751 498 2828 obiit,
515 2751 650 2813 nonnulla
665 2762 693 2812 et
705 2754 768 2831 ipss
781 2751 895 2811 infamia
907 2769 1054 2829 aspersus.
1067 2749 1175 2830 Nam*

109 2833 287 2898 aoAntonius
303 2851 367 2894 eum
383 2834 527 2896 desiderio
543 2838 652 2897 amicae
671 2835 813 2896 Serviliae
832 2834 932 2895 Naidis
948 2833 1140 2910 transfugisse

144 2919 269 2978 iactavit.

204 3001 251 3062 Ex
265 3001 321 3062 hoc
332 3001 473 3063 Domitius
484 3001 629 3080 nascitur,
644 3020 729 3080 quem
741 3010 901 3081 emptorem
916 3000 1041 3060 familiae
1053 3007 1170 3077 pecu-4

143 3086 266 3164 niaeque
283 3087 312 3145 in
327 3095 496 3146 testamento
513 3085 637 3164 Augusti
652 3087 742 3146 luisse
757 3103 826 3146 mox
840 3085 930 3162 uulgo
942 3092 1070 3145 notatum
1086 3091 1140 3158 est,

143 3186 201 3228 nou
216 3171 307 3230 minus
322 3170 470 3248 aurigandi
491 3179 553 3230 arte
569 3171 598 3228 in
614 3169 810 3230 adulescentia
827 3169 924 3229 clarus
941 3186 1024 3248 ιιιιιιιιι
1037 3129 1140 3227 deindd

108 3257 317 3315 sternumentis
332 3253 549 3333 triumphalibus
567 3273 604 3314 ex
621 3252 794 3314 Germanico
816 3252 907 3313 bello.
937 3255 1046 3314 Verum
1062 3268 1140 3312 arro

142 3352 233 3414 gans,
249 3338 401 3417 proluens,
424 3340 538 3397 immitis
555 3337 751 3398 censoremL
769 3337 905 3398 Plancum
924 3339 969 3397 via
985 3337 1039 3396 sibi
1055 3334 1140 3397 dece-

1 3426 20 3450 '·
41 3449 44 3456 »
59 3487 74 3516 ‚
142 3417 213 3480 dere
227 3421 329 3481 aedilis
345 3423 458 3499 coegit;
485 3431 639 3500 praeturae
661 3421 885 3521 consulatusque
900 3422 1012 3482 honore
1029 3421 1141 3500 equites

82 3502 177 3563 ’.ιι
204 3515 407 3584 matronasque
436 3504 471 3566 ad
496 3505 638 3582 agendum
661 3505 773 3566 mimum
797 3505 961 3585 produxit
953 3525 982 3566 nn
997 3523 1140 3566 scaenam.
