2468 3912
310 589 992 684 c.suuu0N1uauNo1uuur
1218 667 1219 672 t

169 788 286 890 DE
336 786 565 886 VITA
615 775 1131 882 CAESARUM

547 985 684 1050 LIBER
705 983 751 1046 Π.

434 1159 577 1235 1)st
607 1155 860 1230 AUGUSTUS.

578 1350 729 1362 ...-—

129 1509 144 1559 1
217 1498 336 1561 Gentem
351 1497 499 1559 Octaviam
517 1499 638 1560 Velitris
653 1499 838 1578 praecipuam
852 1493 920 1554 olim
934 1494 1036 1569 luisse,
1061 1489 1171 1550 multas
1218 1517 1219 1530 ι

156 1582 311 1643 declarant.
331 1581 420 1642 'Nam
435 1589 464 1641 et
481 1583 562 1641 vicus
582 1582 772 1643 celeberrima
793 1588 876 1659 parte
894 1577 994 1658 oppidi
1013 1578 1068 1636 iam
1090 1575 1148 1654 pri-

156 1667 221 1726 dem
237 1665 372 1726 Octavius
387 1663 545 1725 uocabatur
565 1675 594 1726 et
610 1665 815 1727 ostendebatur
834 1681 883 1724 ara
899 1661 1022 1722 Octavio
1044 1676 1147 1720 conre-

157 1757 251 1825 crata,
274 1751 321 1827 qui
335 1747 415 1809 bello
434 1748 491 1809 dux
506 1750 640 1828 linitimo,
664 1768 728 1810 cum
747 1747 825 1808 iorte
845 1747 929 1807 llarti
948 1763 1010 1805 rem
1025 1743 1148 1804 divinam

155 1834 283 1909 faceret,
305 1834 430 1893 nuntiata
443 1842 567 1913 repente
586 1833 678 1895 bostis
699 1834 882 1910 incursione,
905 1828 1068 1891 semicruda
1080 1836 1148 1888 exta

156 1925 237 1996 rapta
262 1917 331 1977 ioco
354 1920 517 1996 prosecuit,
551 1928 637 1998 atque
663 1921 702 1978 ita
721 1917 864 1997 proelium
885 1917 1035 1994 ingressus
1052 1914 1183 1975 victorio

155 1999 238 2061 redit.
271 2001 427 2061 Decretum
440 2004 525 2062 etiam
545 2003 691 2081 publicum
711 2000 841 2078 extabat,
863 2017 920 2080 quo
942 1997 1099 2060 cavebatur
1119 2004 1149 2056 ut

155 2087 345 2165 inposterum
364 2103 478 2166 quoque
493 2087 578 2146 simili
590 2086 675 2147 modo
692 2093 759 2146 exta
771 2085 854 2146 liarti
874 2083 1081 2160 redderentur,
1102 2099 1147 2140 re·
1218 2061 1219 2104 ¹

131 2168 319 2249 uliquiaequc
347 2170 383 2230 ad
407 2169 545 2232 Octavios
574 2172 761 2231 referrentur.
794 2168 838 2230 Ea
864 2187 938 2247 qens
957 2186 974 2228 a
992 2166 1147 2247 Tarquinio
1218 2163 1219 2224 3

155 2253 256 2314 Prisco
272 2271 345 2331 rege
366 2257 441 2316 inter
460 2257 588 2316 minores
612 2255 707 2333 gentis
730 2253 843 2314 adlecta
863 2255 892 2314 in
911 2261 1057 2330 senatum,
1080 2267 1149 2309 mox
1218 2265 1219 2274 ¹

156 2337 294 2397 nServio
313 2336 408 2399 'lollio
427 2341 456 2397 in
475 2341 611 2419 patricias
636 2337 780 2413 traducta,
808 2337 988 2416 procedente
1015 2345 1183 2415 temporeis
1208 2370 1219 2410 ι

155 2417 192 2478 ad
210 2419 327 2496 plebem
339 2440 372 2482 se
392 2423 529 2502 contulit,
551 2440 586 2484 ac
604 2442 703 2483 rursus
725 2440 830 2500 magno
848 2421 1003 2483 intervallo
1024 2439 1078 2500 per
1098 2419 1147 2479 Di·
1218 2423 1219 2432 ’

156 2519 222 2560 vum
235 2500 336 2563 lulium
353 2507 382 2565 in
395 2509 575 2585 patriciatum
589 2506 673 2568 redit.
695 2507 805 2568 Primus
819 2525 858 2568 ex
875 2507 931 2568 bac
951 2506 1148 2583 magistratum
1218 2495 1219 2530 ¹

155 2585 256 2667 populi
281 2588 419 2668 suffragio
442 2592 520 2671 cepit
545 2590 579 2653 G.
598 2592 699 2653 liuius.
728 2591 756 2652 ls
778 2593 960 2670 quaestorius
982 2589 1042 2651 GN.
1064 2597 1093 2648 et
1113 2586 1146 2649 G.
1218 2605 1219 2634 ι

154 2673 338 2752 procreavit,
371 2674 504 2753 aquibus
537 2675 645 2756 duplex
679 2673 863 2738 Octaviorum
896 2674 1003 2736 familia
1030 2673 1149 2735 deduxit

156 2755 321 2817 conditione
336 2757 461 2820 diversa.
483 2760 629 2840 Siquidem
641 2761 753 2822 Gnaeus
769 2769 797 2821 et
818 2760 957 2839 deinceps
976 2758 1012 2819 ab
1028 2776 1064 2818 eo
1079 2757 1147 2817 reli·
1158 2771 1185 2811 ιο

156 2841 203 2921 qui
219 2857 318 2901 omnes
329 2843 419 2903 iuncti
435 2852 499 2903 sunt
512 2843 672 2905 bonoribus
686 2847 811 2906 summis.
846 2844 886 2905 m
907 2843 939 2905 C.
955 2844 1075 2922 eiusque
1095 2859 1146 2921 po·

155 2926 241 3004 steri,
265 2943 317 2986 seu
345 2927 460 2988 fortuna
478 2947 531 2988 seu
559 2928 722 3008 voluntate,
745 2932 774 2990 iu
800 2931 928 3008 equestri
956 2927 1057 2989 ordine
1080 2943 1146 2986 con-

155 3009 288 3070 stiterunt
314 3011 455 3090 usquead
489 3012 613 3092 Augusti
640 3023 760 3094 patrem.
794 3013 924 3076 Proavus
952 3013 1076 3090 Augusti
1102 3028 1147 3070 se-

156 3092 248 3154 cundo
263 3093 371 3156 Punico
386 3095 465 3157 bello
480 3096 621 3177 stipendia
634 3100 663 3158 in
688 3098 787 3158 Sicilia
801 3097 930 3158 tribunus
945 3097 1064 3157 militum
1077 3095 1149 3155 iecit
1213 3097 1219 3170 l

155 3174 280 3237 Aemilio
299 3178 378 3259 Papo
403 3181 588 3262 imperatore.
622 3183 702 3243 Avus
728 3181 947 3262 municipalibus
971 3180 1184 3260 magisteriisac
1218 3177 1219 3198 ³

157 3268 307 3321 contentus
320 3262 480 3326 abundante
500 3267 670 3346 patrimonio
684 3266 916 3345 tranquillissime
930 3267 1032 3326 senuit.

199 3342 277 3442 ⁸Sed
294 3344 367 3407 baec
390 3348 453 3420 alii;
473 3351 538 3430 ipse
557 3349 706 3428 Augustus
727 3350 796 3410 nibil
812 3350 932 3430 amplius
956 3367 1040 3430 quam
1059 3367 1146 3427 eque·

155 3433 207 3526 strp
227 3425 332 3488 iarullia
353 3440 445 3492 ortum
467 3451 500 3493 se
520 3433 620 3494 scribit
634 3441 735 3494 vetere
759 3451 794 3494 ac
811 3432 976 3514 locuplete,
995 3443 1025 3494 et
1041 3435 1070 3492 in
1091 3450 1148 3512 qua

155 3526 263 3589 primus
286 3521 403 3574 senator
426 3525 510 3595 pater
530 3535 597 3577 runs
613 3518 709 3578 fuerit.
734 3519 771 3579 lll
784 3517 927 3580 Antonius
941 3517 1106 3577 libertinum
1119 3517 1148 3576 ei

1218 3861 1219 3901 ι
