2468 3912
100 249 138 310 10
190 256 219 306 e.
239 253 389 303 sonnoun
405 253 531 313 anemo.
548 253 595 300 nn
609 253 691 301 vrnn
707 252 890 301 ounsnnun
905 255 975 302 nnn.
991 254 1013 304 1.

98 414 238 492 campum
253 409 419 486 Stellatem,
440 407 596 469 maioribus
610 415 825 485 consecratum,
842 410 1000 488 agrumque
1015 407 1097 470 Gom.

99 515 220 580 panum,
242 494 278 555 ad
293 490 421 553 subsidia
436 495 479 552 rei
495 491 628 571 publicae
642 491 816 568 vectigalem
834 491 982 567 relictum,
1003 491 1099 553 divisit

100 592 182 644 extra
198 587 307 641 sortem
322 575 359 637 ad
372 576 474 653 viginti
488 575 601 636 milibus
617 576 735 652 civium,
751 575 854 653 quibas
869 577 943 635 terni
960 576 1098 654 pluresve
1209 595 1231 641 ι’

100 665 185 731 liberi
206 670 314 724 essent.
358 658 531 720 Publicanos
553 660 751 720 remissionem
774 661 899 737 petentis
919 663 1003 721 tertia
1024 679 1097 722 mer·

101 751 202 811 cedam
224 754 307 826 parte
329 746 486 822 relevavit,
507 762 558 821 ac,
581 763 618 802 ne
637 744 666 802 in
684 743 831 802 locatione
851 759 992 803 novorum
1006 746 1124 806 vecti-s

99 835 207 914 galium
230 829 435 890 inmoderatius
455 828 627 904 licerentnr,
655 825 806 906 propalam
829 829 947 888 monuit.
991 826 1097 891 Cetera

100 921 185 995 item,
208 933 281 995 quae
309 913 412 992 cuique
434 912 602 988 libuissent,
625 910 774 988 dilargitus
796 918 856 987 est,
881 912 1098 972 contradicente

100 1003 195 1078 nullo,
217 1019 267 1077 ac,
289 999 314 1058 si
330 1006 485 1057 conaretur
504 996 583 1075 qais,
606 993 770 1054 absterrito.
814 994 941 1055 Marcum
958 993 1098 1056 Catonem
1194 1029 1223 1074 χ,

100 1083 332 1165 interpellantem
352 1080 464 1141 extrahi
484 1082 562 1141 curia
579 1097 632 1157 per
649 1077 782 1138 lictorem
804 1077 927 1157 ducique
949 1081 977 1138 in
999 1097 1098 1140 carce-

100 1189 161 1234 rem
180 1168 271 1228 iussit.
314 1164 402 1225 Lucio
420 1164 539 1223 anullo
557 1163 676 1222 liberius
696 1162 843 1221 resistenti
866 1171 973 1222 tantum
994 1162 1129 1224 calum-u

99 1257 207 1317 niarum
221 1258 328 1312 metum
344 1249 456 1324 iniecit,
468 1255 507 1305 'ut
529 1246 565 1306 ed
579 1263 674 1323 genna
695 1246 770 1305 oltro
789 1245 845 1305 sibi
865 1247 1021 1309 accideret.
1052 1246 1098 1308 (li-

102 1355 208 1401 cerone
228 1335 257 1395 in
273 1333 378 1394 iudicio
400 1329 523 1411 quodam
539 1331 709 1410 deplorante
728 1338 890 1410 temporum
909 1342 1026 1409 statum,
1046 1331 1098 1391 Pu·

100 1423 188 1484 blinm
206 1417 337 1480 Clodium
353 1416 496 1476 inimicum
512 1416 590 1490 eius,
611 1416 716 1474 lrastra
731 1416 786 1475 ianr
802 1413 913 1492 pridem
936 1434 953 1476 a
969 1415 1098 1494 patribus

102 1507 137 1567 ad
153 1502 268 1585 plebem
283 1501 405 1559 transire
421 1501 571 1576 nitentem,
590 1499 692 1558 eodem
707 1496 754 1558 die
768 1498 899 1577 horaque
915 1515 991 1560 nona
1007 1509 1098 1560 trans·

103 1590 190 1650 duxit.
234 1586 384 1645 Postremo
404 1583 433 1642 in
452 1585 604 1643 universos
626 1582 759 1643 diversae
781 1583 916 1642 factionis
931 1583 1004 1620 *⁴*
1019 1581 1097 1643 indu·
1105 1603 1131 1646 ιι

104 1683 177 1733 ctum
199 1667 347 1748 praemiis,
373 1675 403 1726 nt
424 1667 512 1727 sede
533 1665 683 1726 inferenda
703 1664 842 1744 Pompeio
863 1685 938 1728 nece
959 1667 1097 1727 sollicita·

102 1766 160 1816 tum
176 1772 191 1813 a
208 1749 374 1831 quibusdam
395 1752 597 1832 profiteretur,
619 1749 832 1830 productusque
855 1752 1031 1831 prorostris
1050 1769 1097 1811 au·
1203 1790 1212 1804 .
1232 1789 1233 1798 ¹

104 1849 200 1900 ctores
215 1856 253 1896 ex
271 1843 415 1914 conpacto
434 1837 608 1904 nominaret;
630 1835 682 1894 sed
702 1851 759 1894 uno
779 1843 866 1912 atque
881 1834 974 1895 altero
991 1834 1098 1894 frustra

103 1941 158 1983 nec
179 1922 240 1982 sine
263 1920 430 1998 suspicione
452 1917 560 1980 irandis
576 1919 743 1995 nominatis,
766 1916 925 1996 desperans
942 1928 999 1979 tam
1014 1935 1097 1997 prae·

105 2007 198 2086 cipitis
214 2003 327 2065 consilii
339 2011 482 2079 eventum,
495 2003 686 2082 intercepisse
699 2019 813 2062 veneno
825 2002 947 2062 indicem
962 2002 1096 2064 creditur.
1107 2019 1132 2061 u

61 2102 94 2155 21
166 2088 224 2151 Sub
241 2089 315 2149 idem
330 2097 443 2167 tempus
456 2084 652 2165 Calpurniam,
668 2085 698 2146 L.
710 2085 824 2147 Pisonis
840 2086 925 2146 liliam
936 2084 1099 2147 successuri
1179 2157 1183 2163 Ι

104 2174 158 2234 sihi
177 2175 207 2234 in
231 2172 396 2249 consulatu,
424 2171 504 2231 duxit
522 2188 658 2248 uxorem,
686 2188 840 2249 suamque,
860 2169 975 2247 Iuliam,
999 2169 1098 2231 Gnaeo

104 2259 243 2336 Pompeio
261 2256 444 2333 conlocavit,
459 2255 616 2334 repudiato
637 2256 737 2334 priore
755 2271 865 2334 sponso
881 2255 1015 2340 Servilio¹
1026 2252 1098 2315 Cae·
1174 2261 1204 2292 ¹⁸*

104 2343 206 2420 pione,
229 2341 309 2399 euius
331 2340 378 2399 vel
394 2341 551 2419 praecipua
571 2356 662 2417 opera
677 2339 764 2418 paulo
786 2346 851 2397 ante
866 2337 997 2398 Bibulum
1016 2339 1098 2416 inpu-

104 2431 253 2502 gnaverat.
296 2424 341 2482 Ac
366 2431 433 2502 post
459 2441 563 2484 novam
587 2423 758 2482 adfinitatem
784 2421 951 2502 Pompeium
978 2424 1133 2502 primumu

104 2523 212 2584 rogare
233 2507 402 2566 sententiam
426 2510 538 2586 coepit,
565 2525 627 2566 cum
649 2504 783 2566 Crassum
809 2506 934 2584 soleret,
961 2515 1098 2584 essetque
1134 2563 1137 2570 ,

106 2586 297 2665 consuetudo,
319 2596 349 2647 ut
369 2607 455 2667 quern
470 2591 597 2651 ordinem
613 2588 809 2668 interrogandi
824 2591 980 2650 sententias
996 2589 1099 2650 consul

105 2674 169 2736 llal.
183 2672 321 2734 Ianuariis
336 2673 520 2751 instituisset,
537 2692 601 2733 eum
617 2683 678 2734 toto
693 2691 767 2734 anno
784 2682 980 2735 conservaret.

63 2771 98 2824 22
169 2758 281 2820 Socero
301 2757 388 2835 igitur
412 2775 582 2835 generoque
604 2757 841 2836 suffragantibus,
867 2778 906 2819 ex
931 2759 1007 2817 omni
1032 2774 1098 2836 pro·

104 2843 262 2904 vineiarum
279 2843 364 2920 copia
376 2839 484 2901 Gallias
496 2842 672 2918 potissimum
687 2842 792 2919 elegit,
810 2842 889 2902 cuins
905 2841 1133 2903 emolamentum

106 2935 135 2988 et
156 2925 371 3006 opportunitate
394 2922 498 2984 idonea
521 2925 557 2984 sit
571 2927 689 2987 materia
708 2924 922 3004 triumphorum.
965 2925 1003 2985 Et
1019 2925 1099 2985 initio
1198 2971 1207 2994 ,

106 3011 219 3089 quidem
241 3009 360 3071 Galliam
382 3007 572 3088 Cisalpinam,
597 3009 717 3085 Illyrico
739 3008 872 3088 adiecto,
896 3009 964 3086 lege
985 3008 1100 3071 Vatinia
1205 2995 1220 3040 ‘t

106 3095 232 3173 accepim
249 3111 318 3154 mor
335 3111 388 3173 per
402 3101 530 3154 senatum
543 3092 689 3154 Comatam
707 3111 839 3172 qnoque,
856 3095 955 3153 veritis
971 3091 1100 3173 patribus

105 3195 156 3254 ne,
177 3178 202 3236 si
223 3179 280 3255 ipsi
295 3186 467 3256 negassent,
492 3178 618 3257 populus
639 3186 667 3237 et
687 3177 761 3238 lianc
777 3177 867 3238 daret.
912 3178 976 3252 Quo
992 3173 1099 3254 gaudio

106 3260 197 3321 elatus
212 3264 470 3340 contemperavit,
492 3265 559 3342 quin
575 3278 684 3341 paucos
700 3272 767 3340 post
781 3261 843 3321 dies
860 3262 1004 3341 frequenti
1020 3260 1134 3320 curiati

105 3345 242 3418 iactaret,
272 3343 375 3405 invitis
404 3353 432 3407 et
458 3346 645 3426 gementibus
675 3345 857 3406 adverseris
893 3345 1037 3424 adeptum
1066 3360 1101 3404 se

106 3444 186 3506 quoe
216 3429 427 3505 concupisset,
451 3430 584 3508 proinde
608 3447 647 3489 cer
671 3447 707 3490 eo
729 3430 943 3492 insultaturum
968 3427 1100 3491 omnium
1199 3462 1224 3527 -N

107 3507 263 3590 capitibus
268 3533 283 3579 ,·
308 3527 342 3568 ac
362 3522 486 3587 negante
508 3512 631 3592 quodam
648 3532 701 3593 per
722 3514 920 3574 contumeliam
935 3513 1022 3575 iacile
1043 3511 1100 3572 hoe
