2392 3926
227 247 501 296 oeconomorum
523 247 701 295 cinnanum
722 246 921 305 aantoumu.
1007 233 1068 294 305

80 405 172 466 culum
199 414 228 463 et
253 401 427 463 Gaditanum.
466 402 663 462 Aestuaria
689 411 753 462 sunt
780 402 889 478 omnia,
923 418 977 479 per
995 418 1071 478 quae

79 507 157 550 mare
185 487 311 546 vicissim
330 495 388 544 tum
410 485 524 546 accedit
549 495 606 544 tum
635 486 756 546 recedit.
802 486 921 545 Altum
950 485 1070 562 proprie

79 590 155 632 mare
177 569 346 650 profundum
366 569 477 630 dicitur.
518 568 615 629 Vada
636 578 701 629 sunt
716 569 818 647 quibus
832 570 861 628 in
880 570 951 629 mari
972 578 1071 648 potest

81 657 165 731 stari,
186 672 259 735 quae
279 653 425 730 Vergilius
450 653 550 713 brevia
571 653 715 733 appellat,
740 670 813 730 quae
840 653 942 714 eadem
967 653 1071 714 Graeci

59 739 216 800 sltrachea.
259 738 367 796 Sinus
389 739 515 797 maiores
539 754 675 797 recessus
695 739 782 796 maris
803 736 952 813 dicuntur,
978 747 1008 797 ut
1028 746 1073 796 est

82 821 219 901 Caspius,
240 821 399 898 Arabicus,
422 821 552 889 Indicus;
574 823 699 881 minores
711 830 805 881 autem
820 821 916 900 anguli
930 820 1072 898 dicuutur,

82 916 111 966 ut
131 906 298 981 Paestanus,
318 903 494 981 Amyclanus
517 914 546 964 et
572 907 663 966 ceteri
683 905 801 965 similes.
837 903 986 964 Flustro
1007 914 1074 964 sunt

82 999 173 1051 motus
194 989 280 1049 maris
302 989 364 1047 siue
385 998 558 1068 tempestate
582 989 754 1049 fluctuantis.
794 987 921 1048 Naevius
945 991 973 1047 in
992 988 1072 1048 bello

81 1074 206 1135 Poenico
235 1073 278 1131 sic
298 1073 350 1132 ait:
381 1070 556 1134 Onerariae
582 1079 710 1134 onustae
733 1071 860 1133 student
884 1072 917 1131 in
943 1070 1072 1150 flustris,

50 1166 113 1217 tout
144 1158 169 1217 si
198 1157 325 1216 diceret:
354 1157 383 1214 iu
404 1157 476 1216 salo.
520 1156 637 1217 llloles
664 1175 738 1236 quae
757 1159 882 1215 eminent
901 1163 931 1214 et
952 1173 1073 1234 procur-

82 1251 146 1301 runt
165 1240 254 1315 mari,
284 1237 320 1298 de
341 1240 443 1317 quibus
462 1238 620 1300 Pacuvius:
658 1237 770 1302 Omnes
784 1237 924 1300 latebras
943 1238 1000 1300 sub
1015 1239 1074 1301 leto

82 1325 160 1386 mole
184 1321 347 1385 obstrusus
370 1323 466 1384 sinus.
519 1320 659 1384 (laeuus
684 1325 788 1385 ductus
813 1334 925 1383 tumens
951 1325 1073 1384 necdum

83 1418 177 1469 tamen
196 1424 301 1481 canus,
322 1406 358 1466 de
381 1425 438 1484 quo
456 1407 524 1466 Atta
546 1409 575 1466 in
599 1406 711 1484 Togata
728 1409 771 1468 sic
791 1409 851 1468 ait!
874 1406 938 1468 Pro
955 1408 1074 1487 populo

81 1489 192 1569 fluctus
203 1507 314 1551 coecos
325 1489 447 1569 fuciunt
463 1508 521 1568 per
542 1490 747 1568 discordiam,
772 1501 800 1551 et
816 1490 980 1570 Augustus:
1009 1491 1076 1554 Nos

50 1574 218 1636 ruomirnus
239 1571 403 1653 Neapolim
418 1572 512 1652 ductu
532 1575 651 1654 quidem
671 1593 775 1637 caeco.
811 1573 916 1635 Litus
939 1574 1074 1654 quidquid

84 1677 156 1737 aqua
173 1657 304 1718 adluitur.
337 1655 485 1718 Flumen
505 1660 708 1720 omnishomor
725 1661 774 1738 qui
794 1659 843 1719 vel
868 1659 981 1720 modice
1003 1660 1073 1720 duit.

84 1742 243 1803 'lerneus
263 1742 365 1802 fluvius
381 1743 447 1822 quia
464 1743 560 1822 pluvia
582 1745 703 1820 crescit,
720 1743 852 1804 siccitate
868 1744 1020 1820 torrescit,
1046 1743 1075 1803 id

84 1835 129 1886 est
143 1826 265 1896 arescit3
280 1824 316 1885 de
332 1843 389 1904 quo
405 1825 547 1886 Pacuvius
562 1830 616 1889 ait:
644 1828 799 1889 Flammea
819 1845 941 1907 copore
954 1834 1077 1888 torrens

84 1915 187 1972 torret.
233 1906 337 1969 Ostia
366 1911 460 1970 exitus
483 1910 624 1971 fluminum
645 1914 781 1972 innare.
825 1910 924 1971 Tolli
940 1928 1076 1988 aquarum

50 1993 247 2073 murcinctus,
267 1993 368 2071 quales
381 2003 445 2052 sunt
457 1996 486 2052 in
497 1993 608 2054 Aniene
627 1995 740 2055 flumine
755 2013 838 2073 quam
854 1996 976 2054 maxime
991 2012 1075 2072 prae·

85 2078 172 2156 cipiti.
216 2075 360 2137 Isidorus
375 2076 413 2137 de
428 2083 544 2138 nutura
555 2098 657 2140 rerum
675 2087 818 2154 44,1-4
833 2077 880 2138 ed.
895 2076 1033 2140 Areaali.

146 2161 193 2221 De
217 2161 377 2221 nominibus
399 2163 567 2242 ventorum}
598 2161 744 2235 Quosdam
772 2170 866 2221 autem
894 2160 1076 2242 Tranquillus

84 2247 220 2324 proprios
237 2245 367 2304 locorum
377 2244 460 2306 datus
475 2247 562 2306 certis
578 2247 708 2326 appellat
720 2244 887 2320 vocabulis,
902 2263 958 2325 quo
974 2264 1011 2305 en
1026 2265 1075 2306 nu·

83 2345 164 2388 mero
187 2328 297 2388 suntin
322 2330 404 2404 Syria
428 2330 534 2405 Syrus,
559 2327 703 2390 carbasus
723 2327 884 2404 incilicia,
905 2330 933 2388 in
948 2328 1076 2408 Propon·

49 2435 74 2474 aa
86 2412 144 2473 tide
162 2410 314 2488 Thascius,
336 2414 365 2471 in
379 2412 475 2473 Attica
492 2414 612 2491 Sciron,
633 2415 661 2473 in
676 2413 767 2475 Gallis
783 2411 910 2490 Circius,
931 2414 960 2473 in
974 2413 1078 2494 llispa·

84 2497 130 2555 nia
146 2496 349 2556 Sucronensis.
383 2494 529 2558 Isidorus
543 2497 582 2558 de
600 2506 716 2559 nutura
728 2515 832 2558 rerum
847 2506 894 2572 37,
912 2508 941 2558 5.

145 2595 219 2644 Nolui
232 2594 273 2644 hic
283 2605 396 2663 repetere
412 2582 524 2642 Versus
544 2582 580 2643 de
594 2580 648 2642 XII
663 2584 756 2642 ventis
775 2580 934 2661 Tranquilli
950 2579 1077 2661 physici,

84 2678 148 2730 quos
161 2662 248 2713 alibro
262 2664 420 2716 Bruxellensi
432 2680 473 2716 uo.
487 2665 568 2717 10721
587 2665 656 2717 Sacc.
669 2665 726 2717 ΧΠ.
740 2666 887 2717 Theodorus
898 2665 988 2717 Oelrler
1000 2667 1078 2718 edidit

83 2734 109 2784 in
121 2732 208 2782 Museo
219 2731 341 2784 Rhenano
357 2735 422 2785 1842
433 2751 458 2801 p.
475 2734 524 2787 130
535 2751 591 2800 sqq.

48 2827 75 2869 ³0
148 2799 302 2880 stipulari]
326 2803 480 2863 Suetonius
496 2813 590 2863 autem
607 2805 724 2882 passive
740 2804 860 2883 protulit
876 2805 904 2862 in
920 2802 983 2863 llll.
1000 2803 1077 2862 Pra-

83 2894 216 2945 torum:
240 2880 403 2962 Laetoria,
421 2892 594 2966 quaeoetot
605 2887 752 2948 minorem
768 2887 859 2948 annes
872 2886 982 2966 aipinti
993 2887 1077 2965 puin·

83 2983 143 3048 pue
155 2963 580 3112 stipularifiinspmuiadct).
596 2970 778 3032 Priscianus
789 2978 817 3048 8,
831 2981 862 3047 4,
880 2979 915 3031 21
926 2989 959 3049 p.
975 2977 1031 3031 794
1042 2969 1076 3030 Ρ.

84 3051 238 3112 Suetonius
257 3053 285 3110 in
330 3052 365 3114 11.
388 3054 575 3114 Pratcrum
595 3055 695 3115 minor
714 3055 823 3136 aipinti
836 3053 968 3134 quinque
982 3072 1076 3116 onno-

83 3151 153 3195 rum
173 3135 322 3214 stipulari
338 3155 400 3198 non
418 3144 520 3216 potest
534 3140 650 3217 passive
667 3137 746 3200 dixit.
772 3137 953 3199 Priscianus
968 3145 1014 3214 18,
1033 3145 1077 3215 19,

48 3239 75 3283 n
86 3226 187 3298 1491).
204 3229 281 3282 1164
296 3219 330 3281 P.

148 3304 301 3365 Suetonius
316 3306 345 3364 in
359 3303 435 3364 Vlll.
452 3305 658 3366 Pratorum:
690 3305 780 3368 Fasti
799 3306 866 3367 dies
885 3312 956 3366 sunt
969 3305 1078 3384 quidus

84 3386 134 3447 ius
152 3384 255 3465 futur,
284 3388 319 3449 id
337 3395 383 3450 est
401 3388 530 3465 dieitur,
558 3395 592 3449 ut
612 3387 727 3468 nefasti
744 3389 855 3469 quibus
873 3409 935 3451 non
955 3389 1077 3451 dieitur.

85 3469 267 3532 Priscianus
282 3479 311 3549 8,
324 3483 353 3550 1,
369 3482 406 3534 20
412 3491 444 3552 p.
461 3473 554 3534 7931'.
572 3471 714 3536 isidorus
726 3474 887 3537 denatura
897 3493 1000 3536 rerum
1012 3482 1037 3551 1,
1048 3483 1077 3534 4.

136 3574 289 3616 sunrcsme.
863 3561 904 3622 20
