2450 3910
369 235 376 251 ·
467 219 693 269 commanus
1019 208 1078 267 241
1142 220 1146 224 ’

88 377 194 458 nullam
209 375 357 452 habuisse,
379 383 534 453 persancte
549 374 671 433 Domitia
685 372 813 434 iurabat:
835 373 909 434 haud
931 384 1082 452 negatura,

89 463 112 522 si
129 479 183 538 qua
198 461 311 519 omnino
329 460 440 534 luisset,
460 460 544 517 immo
563 460 647 518 etiam
661 458 828 537 gloriatura,
846 457 923 538 quod
934 459 974 518 illi
986 476 1082 538 prom-

87 546 244 624 ptissimum
259 554 321 603 erat
336 545 364 602 in
379 543 509 603 omnibus
524 542 649 621 probris.

150 627 288 688 Excessit
307 630 335 687 in
355 627 455 687 eadem
478 645 533 705 qua
554 635 637 705 pater
652 627 720 687 villa
738 625 780 685 ld.
800 626 901 705 Septb.
918 637 985 707 post
1001 628 1080 688 bien·
1089 630 1120 682 11

59 715 162 772 eninm
181 730 216 772 ac
232 730 347 771 menses
370 711 443 771 duos
466 711 585 789 diesque
606 709 670 770 XX.
692 729 774 790 quam
795 721 979 772 successerat
996 713 1080 794 patri,

87 797 179 857 altero
195 805 223 855 et
241 796 462 874 quadragesimo
483 796 585 878 aetatis
604 812 687 854 anno.
722 794 806 869 Quod
820 804 850 854 ut
866 795 961 874 palam
976 795 1081 857 lactum
1161 840 1162 843 ,

88 890 142 958 est,
158 898 215 940 non
232 899 317 940 secus
334 890 419 959 atque
436 882 464 938 in
482 879 642 939 domestico
660 879 739 939 luctu
754 880 948 939 maerentibus
964 882 1081 958 publice

88 967 213 1042 cunctis,
235 974 350 1024 senatus
371 966 450 1042 prius
472 981 555 1042 quam
577 962 671 1023 edicto
694 972 905 1024 convocaretur
922 963 957 1022 ad
976 967 1081 1024 curiam

88 1051 243 1125 concurrit,
261 1049 461 1126 obseratisque
476 1048 567 1107 adhue
582 1048 708 1124 loribus,
725 1047 827 1106 deinde
843 1049 968 1126 apertis,
989 1058 1082 1108 tantas

51 1142 196 1197 romortuo
213 1133 322 1210 gratias
337 1132 397 1209 egit
412 1131 569 1211 laudesque
586 1134 744 1209 congessit,
762 1141 929 1210 quantaene
941 1133 1009 1195 vivo
1022 1134 1081 1211 qui-

86 1217 150 1277 dem
164 1234 295 1295 umquam
312 1225 397 1294 atque
414 1217 570 1294 praesenti.

445 1739 716 1795 uonrrrnnns.

145 1896 323 1957 Domitianus
346 1904 427 1954 natus
454 1907 498 1956 est
521 1897 611 1957 Vllll.
635 1897 680 1956 Kl.
697 1895 838 1956 Novemb.
862 1905 945 1974 patre
962 1897 1105 1964 consule]

86 1981 235 2058 designato
254 1983 415 2057 inituroque
430 1999 530 2038 mense
545 1982 706 2058 insequenti
723 1981 880 2056 honorem,
900 1981 1021 2057 regione
1036 1998 1081 2038 ur-

84 2066 131 2124 his
146 2075 228 2125 sexta
240 2065 275 2126 ad
288 2063 393 2124 illalum
406 2063 555 2140 Punicum,
574 2063 659 2124 domo
676 2083 758 2142 quam
775 2073 877 2142 postea
897 2065 925 2122 in
945 2063 1082 2141 templum

47 2167 75 2209 15
84 2150 180 2228 gentis
194 2149 313 2208 Flaviae
329 2150 479 2206 convertit.
511 2147 673 2208 Pubertatis
688 2169 721 2209 ac
735 2151 844 2227 primae
867 2147 1081 2207 adulescentiae

82 2244 195 2311 tempus
212 2242 289 2293 tanta
304 2233 402 2310 inopia
418 2240 553 2308 tantaque
570 2233 684 2292 infamia
699 2235 829 2311 gessisse
845 2231 952 2307 fertur,
974 2241 1003 2289 ut
1021 2231 1080 2290 nul-

83 2319 141 2377 lum
161 2326 330 2394 argenteum
351 2334 403 2375 vas
425 2317 453 2375 in
475 2335 527 2374 usu
547 2315 677 2376 haberet.
729 2317 862 2395 Satisque
886 2325 998 2375 constat
1015 2314 1081 2375 clo-

83 2403 158 2461 dium
172 2401 333 2461 Pollionem
348 2400 524 2478 praetorium
542 2403 640 2476 virum,
660 2403 688 2461 in
705 2419 788 2480 quem
804 2411 849 2460 est
868 2418 973 2480 poema
988 2398 1081 2459 Nero·

82 2487 128 2544 nis
144 2483 222 2562 quod
236 2483 402 2544 inscribitur
416 2483 540 2560 Luscio,
559 2485 782 2563 chirographum
804 2488 865 2544 eius
888 2503 1081 2544 conservasse
1107 2563 1112 2566 -

44 2577 113 2628 met
134 2586 341 2645 nonnumquam
362 2567 518 2646 protulisse
541 2579 656 2628 noctem
679 2570 732 2630 sibi
756 2570 935 2648 pollicentis;
957 2587 1011 2629 nec
1033 2569 1081 2628 de-

82 2654 196 2712 fuerunt
217 2653 265 2730 qui
291 2652 480 2726 affirmarent,
504 2664 668 2732 corruptum
685 2653 875 2714 Domitianum
898 2663 927 2713 et
948 2673 963 2712 a
985 2652 1081 2712 Nerva

82 2753 256 2796 successore
277 2753 345 2795 mcx
366 2753 429 2794 suo.
474 2735 558 2798 Bello
581 2737 739 2799 Vitelliano
760 2738 891 2815 confugit
913 2738 940 2796 in
965 2735 1081 2814 Capito·

82 2820 150 2879 lium
167 2838 229 2879 cum
245 2828 349 2897 patruo
365 2819 471 2879 Sabino
489 2839 524 2879 ac
541 2832 622 2898 parte
638 2823 832 2900 praesentium
848 2823 1012 2899 copiarum,
1030 2818 1083 2878 sed

83 2903 497 2982 irrumpentibusadversariis
512 2914 541 2964 et
561 2906 680 2966 ardente
707 2906 817 2984 templo
843 2905 918 2983 apud
940 2905 1082 2964 aedituum

43 3002 73 3045 2⁵
85 2988 158 3048 clam
173 2988 366 3067 pernoctavit,
383 3005 417 3047 ac
431 3006 514 3047 mane
530 2987 617 3050 Isiaci
639 2991 750 3051 celatus
770 2989 867 3049 habitu
890 2991 1021 3067 interque
1038 3007 1081 3048 sa·
1105 2995 1108 3002 “

85 3073 231 3132 crihculos
246 3089 339 3130 vanae
356 3073 580 3150 superstitionis,
599 3094 662 3135 cum
678 3093 710 3134 se
726 3084 805 3134 trans
819 3073 944 3133 Tiberim
959 3073 994 3132 ad
1014 3090 1082 3131 con·

83 3155 217 3234 discipuli
232 3155 275 3214 sui
291 3164 410 3215 matrem
429 3158 532 3215 comite
547 3177 602 3220 uno
615 3158 794 3235 contulisset,
810 3159 848 3218 ita
859 3158 949 3233 latuit,
961 3166 990 3216 nt
1002 3175 1080 3216 scru-

83 3241 208 3300 tantibus
224 3243 270 3318 qui
287 3240 411 3316 vestigia
427 3239 574 3302 subsecuti
590 3253 686 3320 erant,
709 3241 887 3321 deprehendi
910 3259 968 3300 non
980 3250 1080 3319 potue·

80 3323 143 3382 rit„
171 3324 242 3384 Post
257 3326 404 3383 victoriam
419 3324 529 3383 demum
546 3345 721 3405 progressus
743 3336 771 3386 et
788 3324 898 3386 Caesar
920 3325 1080 3386 consaluta-

41 3421 73 3465 eo
84 3415 138 3485 lus,
154 3408 294 3468 honorem
312 3416 465 3485 praeturae
481 3410 608 3472 urbanae
627 3411 772 3472 consulari
787 3418 932 3489 potestate
952 3408 1082 3486 suscepit

83 3491 165 3552 titulo
198 3501 300 3568 tenus,
323 3493 403 3570 (nam
423 3493 493 3550 iuris
512 3495 665 3556 dictionem
693 3495 728 3556 ad
752 3495 896 3574 collegam
920 3497 1079 3574 proximum

135 3598 288 3638 susuonrus.
873 3579 911 3640 16
