2468 3912
127 221 168 282 40
213 229 242 277 c.
256 228 405 276 sunnonr
423 228 551 286 anano.
567 226 614 272 nu
626 225 710 273 vinu
724 224 909 273 consanum
924 226 993 272 uro.
1007 225 1043 272 11.

127 388 223 463 neris,
243 387 272 445 in
287 382 471 462 deprecanda
492 383 630 460 graviore
649 380 781 443 adulterii
802 400 898 462 poena
914 391 1032 462 praeter
1051 391 1132 442 aeta-

128 483 186 533 tem
200 480 286 549 atque
298 466 410 528 natales
424 466 482 527 boc
497 484 612 546 quoque
627 466 756 546 patribus
779 469 954 546 conscriptis
975 465 1132 545 allegaret,

128 575 195 619 esse
212 570 417 635 possessorem
435 569 470 612 ac
486 551 567 612 velut
584 550 727 612 aedituum
746 551 818 628 soli,
842 550 919 632 quod
939 552 1061 631 primum
1080 549 1133 610 Di-

128 661 180 703 vus
200 639 349 717 Augustus
371 654 495 697 nascens
524 637 682 714 attigisset,
716 644 890 716 peteretque
917 635 1017 696 donari
1047 637 1134 715 quasi
1218 641 1222 656 ²

128 726 251 808 proprio
271 740 324 783 suo
344 740 379 783 ac
399 720 540 801 peculiari
564 720 638 800 deo,
664 721 812 781 decretum
832 728 877 780 est
896 729 927 779 ut
946 739 980 780 ea
995 738 1063 800 pars
1079 719 1160 780 do-ts

103 809 191 872 fimus
219 815 451 868 consecraretur.
486 805 730 868 Nutrimentornm
758 807 821 866 eins
849 805 1010 865 ostenditur
1036 804 1134 865 adbuc

128 897 213 957 locus
233 893 357 954 inanito
384 890 549 951 suburbano
570 892 649 951 iuxta
669 890 797 951 Velitras
817 889 1002 970 permodicus
1023 899 1053 948 et
1071 888 1132 948 cel·

129 981 175 1041 lae
197 979 353 1058 penuariae
377 977 483 1054 instar,
511 984 647 1054 tenetque
668 975 845 1036 vicinitatem
869 975 969 1054 opinio
990 982 1135 1054 tamquam

131 1073 160 1125 et
176 1071 259 1124 natus
275 1061 314 1121 ibi
330 1061 376 1120 sit.
403 1059 467 1120 Huc
483 1062 605 1120 introire
625 1060 680 1119 nisi
696 1061 866 1121 necessario
883 1067 913 1118 et
930 1068 1010 1119 caste
1024 1059 1133 1136 religio
1218 1085 1223 1092 ·

132 1158 192 1227 est,
223 1153 368 1225 concepta
396 1146 534 1224 opinione
563 1145 672 1222 veteri,
710 1147 791 1224 quasi
819 1153 929 1204 temere
961 1142 1133 1204 adeuntibus
1146 1159 1175 1201 ιο

131 1235 238 1295 horror
260 1230 373 1310 quidam
400 1238 429 1290 et
450 1238 543 1290 metus
566 1229 727 1307 obiciatur,
755 1228 853 1289 sedet
869 1246 939 1289 mox
954 1229 1134 1289 confirmata.

130 1318 288 1380 Nemeum
309 1331 468 1394 possessor
492 1313 581 1376 uillae
603 1331 696 1374 nouus
724 1331 776 1373 seu
800 1315 878 1374 forte
898 1331 951 1373 seu
977 1309 1134 1392 temptandi

134 1421 220 1464 causa
237 1399 360 1460 cubitum
378 1416 411 1457 se
428 1415 464 1458 eo
481 1398 667 1477 contulisset,
692 1400 790 1459 evenit
810 1406 840 1457 ut
861 1406 930 1477 post
945 1399 1134 1478 paucissimas

132 1488 227 1548 noctis
241 1484 330 1544 horas
350 1480 517 1542 exturbatus
539 1483 605 1543 inde
626 1482 720 1544 subita
743 1485 772 1542 vi
794 1491 823 1542 et
843 1486 955 1543 incerta
977 1500 1070 1563 paene
1086 1499 1133 1540 se·
1217 1503 1225 1604 q

132 1570 272 1630 mianimis
290 1584 353 1626 cum
367 1575 458 1626 strato
472 1567 555 1628 simul
570 1576 636 1628 ante
652 1568 734 1628 fores
749 1569 935 1628 inveniretur.
1136 1585 1166 1627 sc

107 1653 123 1710 ‘l
196 1651 299 1712 lnianti
321 1668 485 1727 cognomen
513 1650 674 1711 Thurino
694 1651 811 1712 inditum
832 1661 892 1732 est,
914 1654 944 1712 in
967 1653 1135 1712 memoriam

134 1739 275 1798 maiorum
293 1735 424 1812 originis,
448 1734 495 1794 vel
514 1734 591 1814 quod
608 1738 732 1814 regione
750 1736 876 1798 Thurina
890 1755 996 1797 recens
1012 1755 1049 1798 eo
1065 1744 1134 1796 nato
1221 1736 1225 1799 Ι

134 1831 219 1903 pater
247 1818 385 1880 Octavios
407 1818 546 1879 adversus
572 1821 712 1897 fugitivos
740 1839 801 1881 rem
824 1839 968 1902 prospere
990 1828 1134 1900 gesserat.

135 1906 291 1969 Thurinum
312 1905 544 1982 cognominatum
566 1907 636 1965 satis
661 1915 741 1966 certa
762 1905 936 1986 probatione
958 1905 1135 1981 tradiderim,

135 1999 237 2053 nactus
254 1989 394 2070 puerilem
415 1989 624 2066 imagunculam
642 1992 704 2050 eius
722 2009 837 2051 aeream
860 2000 1006 2068 veterem,
1029 1991 1175 2051 ferreisao

136 2086 166 2138 et
181 2093 274 2156 paene
296 2075 352 2134 iam
368 2073 606 2135 exolescentibus
627 2075 730 2135 litteris
748 2075 806 2137 hoc
823 2079 938 2137 nomine
956 2078 1136 2155 inscriptam,

136 2179 211 2242 quae
233 2158 347 2219 donoa
371 2176 417 2218 me
443 2159 567 2239 principi
584 2158 651 2221 data
676 2162 752 2220 inter
774 2160 898 2221 cubiculi
914 2161 1003 2221 Lares
1021 2160 1136 2221 colitur.
1159 2233 1163 2240 ⁸

137 2245 195 2308 Sed
219 2254 248 2306 et
274 2262 291 2304 a
315 2243 354 2305 Μ.
377 2244 506 2305 Antonio
534 2245 564 2303 in
587 2246 720 2325 epistolis
747 2263 801 2324 per
823 2245 1024 2307 contumeliam
1046 2262 1138 2324 saepe

137 2329 278 2391 Thurinus
303 2327 480 2408 appellatur,
510 2330 621 2411 etipse
646 2329 716 2389 nihil
739 2329 861 2409 amplius
884 2348 968 2411 quam
985 2331 1082 2390 mirari
1103 2346 1138 2388 se

137 2412 290 2488 rescribit,
320 2430 374 2491 pro
402 2412 561 2493 obprobrio
591 2413 645 2474 sibi
668 2415 748 2493 prius
775 2432 880 2475 nomen
903 2415 991 2475 obici.
1030 2414 1178 2475 Posteaao

138 2495 201 2558 Gai
228 2493 404 2556 Caesaris
427 2506 456 2557 et
477 2495 582 2557 deinde
606 2499 765 2576 Augusti
788 2517 952 2577 cognomen
971 2500 1137 2578 assumpsit,

138 2582 259 2643 alterum
275 2588 447 2652 testamento
464 2583 581 2642 maioris
600 2583 749 2660 avunculi,
772 2583 893 2645 alterum
913 2584 1019 2646 Munati
1037 2584 1138 2645 Planci

138 2665 299 2741 sententia,
323 2682 400 2742 cum,
422 2665 590 2743 quibusdam
608 2668 793 2728 censentibus
817 2669 970 2729 Romulum
993 2667 1138 2748 appellari

139 2758 280 2830 oportere
291 2751 372 2828 quasi
384 2757 414 2808 et
429 2751 522 2827 ipsum
543 2751 722 2813 conditorem
739 2752 835 2830 urbis,
857 2753 1085 2833 praevaluisset,
1108 2760 1141 2811 ut

138 2834 287 2913 Augustus
306 2834 402 2912 potius
420 2843 591 2912 vocaretur,
609 2854 668 2896 non
686 2845 791 2898 tantum
809 2855 888 2899 novo
907 2837 959 2898 sed
981 2841 1066 2898 etiam
1081 2853 1180 2897 am=oo
1230 2831 1231 2838 '

139 2919 235 2999 pliore
248 2921 437 2996 cognomine,
463 2918 553 2998 [quod
571 2919 637 2981 loca
653 2939 769 3001 qnoque
786 2921 928 3000 religiosa
941 2931 970 2983 et
988 2925 1017 2982 in
1035 2922 1140 3002 quibus

139 3011 279 3083 augurato
292 3000 359 3081 quid
373 3012 695 3082 consecraturaugusta
711 3005 858 3084 dicantur,
880 3007 915 3068 ab
932 3015 1016 3068 auctu
1035 3006 1083 3067 vel
1102 3005 1140 3066 ab

140 3090 231 3147 avium
257 3096 343 3164 gestu
366 3095 504 3166 gustnve,
527 3089 601 3148 sicut
633 3092 717 3150 etiam
745 3089 854 3150 Ennius
876 3091 965 3153 docet
990 3090 1139 3152 scribens:
1221 3121 1229 3150 .·

192 3176 313 3246 dumento
333 3179 449 3250 ocpurab
464 3183 612 3250 postquam
631 3181 732 3250 inclyta
754 3181 862 3235 condito
881 3181 972 3237 Romo
992 3177 1053 3254 est]

114 3262 133 3316 8
206 3253 376 3328 Quadrimus
404 3266 515 3336 patrem
546 3261 648 3318 amisit.
682 3257 889 3320 Duodecimum
919 3278 1022 3321 anuum
1048 3277 1181 3337 agensos

35 3373 37 3381 ,
140 3339 232 3398 aviam
249 3335 348 3400 luliam
366 3340 529 3403 defunctam
547 3360 601 3421 pro
624 3343 761 3403 contione
778 3344 913 3405 laudavit.
943 3345 1139 3420 Quadriennio

140 3429 209 3500 post
229 3421 304 3480 virili
322 3431 392 3501 toga
409 3437 538 3506 sumpta,
559 3425 730 3487 militaribus
746 3427 831 3488 donis
848 3431 992 3510 triumpho
1004 3429 1142 3493 Caesaris
1226 3469 1231 3513 t

140 3502 281 3566 Airitano
301 3505 421 3568 donatus
439 3521 500 3589 est,
525 3528 684 3590 quanquam
703 3530 810 3593 expers
833 3511 903 3573 belli
922 3524 1046 3595 propter
1062 3525 1141 3579 aeta-
1227 3519 1231 3536 '
