2450 3910
140 183 198 245 182
233 197 262 244 o.
279 195 428 244 sunnam
446 197 572 255 unaue.
588 196 635 242 on
652 198 734 244 vura
753 196 935 245 cassanum
949 196 1018 246 uus.
1032 199 1076 246 vr.

140 371 222 433 quam
247 361 349 431 postea
370 349 487 428 publico
512 367 543 410 se
567 349 636 410 illud
655 350 745 411 horae
766 353 827 411 siue
850 351 969 411 tribunis
992 353 1133 412 commisit
1215 391 1216 402 .

140 435 243 516 procul
259 443 288 494 et
304 433 417 494 occulte
433 433 682 511 subsequentibus.
716 434 841 495 Interdiu
858 453 972 515 quoque
990 436 1062 496 clam
1076 454 1130 514 gc-

140 520 257 581 statoria
272 517 345 578 sella
361 517 473 578 delatus
488 521 516 577 in
531 518 679 594 theatrum,
694 518 882 579 seditionibus
895 522 1131 598 pantomimorum
1215 587 1216 594 ἵ

140 624 156 664 e
173 613 254 683 parte
269 603 422 682 proscaeni
438 604 589 680 superiore
603 603 723 679 signifer
738 603 819 662 simul
840 621 875 663 ac
895 612 1043 683 spectator
1065 603 1131 664 ade-

138 697 196 756 rat;
214 696 243 746 et
258 704 320 746 cum
335 685 370 745 ad
384 703 482 745 manus
499 694 613 744 ventum
629 695 707 745 esset
719 685 919 766 lapidibusque
935 697 964 746 et
978 687 1155 756 subsellio-5

139 790 200 832 rum
216 770 402 848 fragminibus
414 769 628 847 decerneretur,
644 770 730 830 multa
744 773 847 850 etipse
860 772 929 831 iecit
941 774 969 830 in
981 772 1130 852 populum,

98 864 224 935 pqatque
240 857 322 914 etiarn
342 855 484 932 praetoris
504 862 590 931 eaput
607 855 810 915 consauciavit.
855 855 1131 926 Paulatimveroiu·

140 936 354 1000 valescentibus
370 939 457 1012 vitiis,
473 937 612 997 iocularia
626 946 655 996 et
670 937 796 999 latebras
814 941 908 999 omisit
923 940 1059 1018 nullaque
1073 939 1116 1000 dis

139 1021 287 1084 simulandi
302 1040 370 1082 cura
386 1022 420 1082 ad
439 1023 547 1081 maiora
563 1021 656 1098 palam
672 1023 776 1100 erupit.

200 1107 309 1186 Epulas
324 1123 340 1166 a
354 1104 449 1166 medio
466 1105 513 1164 die
532 1105 567 1166 ad
578 1105 698 1165 mediam
710 1115 824 1167 noctem
838 1107 1034 1186 protrahebat,
1050 1108 1128 1167 relo-
1141 1122 1165 1164 ru

138 1202 182 1252 tus
197 1192 313 1270 saepius
330 1190 429 1250 calidis
446 1191 562 1269 piscinis
582 1208 616 1249 ae
638 1197 768 1268 tempore
789 1193 899 1252 aestivo
923 1193 1041 1261 nivatis;
1065 1209 1130 1251 cae·

138 1276 302 1352 uitabatque
318 1291 525 1353 nonnumquam
541 1281 571 1333 et
590 1275 618 1332 in
640 1273 769 1352 publico,
791 1275 955 1336 naumachia
979 1275 1132 1354 praeclusa

138 1360 185 1421 vel
199 1359 300 1422 Martio
314 1377 423 1437 ,campo
445 1357 491 1416 vel
516 1358 593 1417 circo
615 1359 748 1434 maximo,
771 1360 846 1419 inter
864 1368 1026 1420 scortorum
1045 1361 1131 1420 totius
1215 1389 1216 1404 r

138 1444 216 1504 urbis
242 1452 270 1502 et
296 1442 506 1502 ambubaiarum
529 1443 693 1502 ministeria.
738 1443 879 1517 Quotiens
899 1441 1006 1503 Ostiam
1033 1443 1130 1504 Tiberi

138 1528 278 1587 deflueret
293 1536 340 1586 aut
353 1526 489 1586 Baianum
505 1527 593 1585 sinum
610 1527 885 1604 praeternavigaret,
905 1528 1063 1606 dispositae
1076 1545 1130 1606 per
1141 1548 1166 1590 rt

137 1612 223 1670 litora
247 1619 276 1668 et
311 1611 389 1689 ripas
421 1609 606 1670 deuersoriae
634 1609 769 1670 tabernae
800 1611 972 1691 parabantur
999 1613 1130 1688 insignes

99 1699 231 1772 xl'ganea
248 1702 277 1752 et
290 1703 481 1753 matronarum
496 1695 750 1772 institorioeopas
772 1697 937 1756 imitantium
960 1705 1044 1773 atque
1064 1696 1131 1754 hino
1215 1709 1216 1758 1

82 1773 83 1776 ’
137 1777 202 1837 inde
217 1777 389 1840 hortantium
404 1786 435 1838 ut
450 1777 621 1856 appelleret.
666 1777 814 1839 lndioebat
828 1788 857 1838 et
868 1778 1053 1840 familiaribus
1065 1797 1129 1839 eae-

137 1880 200 1938 nas,
218 1879 338 1940 quorum
352 1861 399 1920 uni
413 1861 540 1936 mbdllla
556 1861 730 1939 quadragies
745 1865 879 1922 sestertio
894 1865 1030 1940 constitit,
1048 1863 1130 1922 alteri
1201 1857 1216 1904 ⁴

50 1079 66 1128 tt

137 1945 229 2024 pluris
245 1946 389 2025 aliquanto
405 1947 525 2006 rosaria.
824 2017 828 2024 ,
1139 1967 1167 2010 eo

103 2059 139 2114 23
202 2031 297 2110 Super
312 2032 499 2107 ingenuorum
515 2031 699 2108 paedagogia
716 2039 745 2089 et
760 2039 909 2108 nuptarum
926 2029 1131 2090 concubinatus
1215 2017 1216 2032 ¹

138 2114 249 2176 Vestali
270 2115 374 2192 virgini
395 2113 520 2174 Rubriae
543 2116 599 2174 vim
621 2113 728 2188 intulit,
751 2115 846 2174 Acten
864 2113 996 2174 libertam
1016 2112 1131 2192 paulum
1215 2141 1216 2152 κ

137 2199 205 2260 aluit
220 2200 287 2278 quin
303 2200 377 2258 iusto
393 2199 446 2258 sibi
467 2200 645 2258 matrimonio
667 2199 865 2274 coniungeret,
886 2198 1040 2256 summissis
1062 2213 1129 2256 con-

137 2282 279 2342 sularibus
294 2284 361 2341 viris
380 2284 426 2362 qui
447 2283 531 2359 regio
552 2300 663 2360 genere
687 2290 779 2342 ortam
805 2283 985 2359 peierarent;
1011 2297 1130 2358 puerum
1215 2343 1216 2362 ,

137 2368 260 2444 Sporum
276 2367 388 2426 exectis
406 2365 526 2426 testibus
548 2369 632 2427 etiarn
653 2368 681 2425 in
702 2364 868 2425 muliebrem
889 2373 1017 2424 naturam
1038 2373 1165 2426 trans-at
1215 2409 1216 2430 t

99 2486 105 2494 ·
137 2451 262 2525 figurare
277 2457 407 2526 conatus,
424 2468 487 2509 curn
502 2449 569 2511 dote
588 2460 616 2510 et
630 2449 760 2510 llammeo
776 2467 829 2528 per
847 2447 998 2508 sollemnia
1018 2449 1125 2526 nuptia·
1215 2477 1216 2510 2

135 2551 197 2592 rum
221 2531 410 2592 celeberrimo
434 2534 532 2594 officio
554 2535 704 2596 deductum
727 2534 762 2594 ad
784 2552 816 2594 se
834 2551 889 2612 pro
914 2548 1004 2593 uxore
1022 2531 1128 2592 habuit.
1215 2563 1216 2570 .

135 2616 278 2696 Eutatque
296 2616 438 2678 cuiusdam
453 2635 510 2678 non
523 2620 640 2678 inscitus
653 2621 744 2694 iocus,
761 2617 836 2678 bene
851 2618 904 2697 opi
912 2617 1051 2694 potuisse
1062 2633 1129 2676 eum

135 2699 229 2762 rebus
243 2700 394 2777 humenis,
411 2702 441 2761 sr'
450 2700 601 2763 Domitius
615 2710 705 2781 pater
718 2702 808 2763 talem
819 2701 978 2762 habuisset
989 2716 1126 2762 aaaron.
1215 2707 1216 2772 t

134 2785 215 2846 Hune
236 2786 370 2865 Sporum,
392 2785 584 2862 Augustarum
606 2787 778 2846 ornamentis
800 2786 943 2862 excultum
965 2785 1165 2862 lecticaqueao
1215 2773 1216 2796 ¹

136 2880 265 2946 vectum,
291 2879 319 2930 et
343 2870 420 2930 circa
442 2880 599 2930 conventus
620 2879 819 2949 mercatusque
841 2869 981 2930 Graeciae
1008 2886 1043 2929 ac
1062 2885 1129 2926 mox

135 2953 244 3014 Romae
261 2957 338 3014 eirca
353 2954 498 3031 Sigillaria
521 2955 671 3014 comitatus
691 2962 746 3031 est,
770 2952 923 3014 identidem
945 2952 1127 3013 exosculans.

135 3035 206 3097 Nam
222 3040 318 3098 matris
335 3037 514 3098 concubitum
531 3039 679 3117 appetisse
694 3047 723 3097 et
739 3037 774 3097 ab
792 3037 1034 3098 obtrectatoribus
1056 3036 1127 3112 eins,

135 3137 173 3196 ne
187 3122 272 3181 ferox
290 3131 373 3201 atque
388 3124 531 3200 impotens
545 3122 647 3181 mulier
662 3131 690 3181 et
705 3122 760 3182 hoc
776 3139 887 3199 genere
909 3125 1020 3198 gratiae
1043 3137 1126 3198 prae-

136 3203 257 3281 valeret,
273 3205 448 3283 deterritum,
463 3223 548 3265 nemo
569 3204 722 3283 dubitavit,
745 3207 841 3285 utique
863 3215 1014 3285 postquam
1035 3213 1162 3262 mere-³⁸

135 3284 245 3362 tricem,
261 3306 344 3365 quam
360 3289 434 3349 lama
451 3299 513 3350 erat
529 3289 710 3369 Agrippinae
726 3289 911 3365 simillimam,
932 3289 1006 3349 inter
1022 3303 1126 3348 concu·
1215 3279 1216 3374 l

135 3364 216 3426 binas
231 3373 350 3448 recepit.
396 3371 469 3432 Olim
485 3375 570 3432 etiam
587 3374 719 3451 quotiens
734 3374 839 3433 lectica
857 3391 919 3433 curn
934 3381 1024 3432 matre
1038 3370 1126 3432 vehe-
1213 3415 1216 3444 ,

134 3456 223 3527 retur,
236 3449 410 3514 libidinatum
421 3455 531 3516 inceste
545 3474 580 3515 ac
590 3457 708 3516 maculis
720 3458 810 3517 vestis
822 3455 965 3535 proditum
976 3456 1126 3516 affirmant.
