2450 3910
158 242 220 305 246
245 253 274 302 c.
292 252 441 302 suuroru
458 251 585 311 annuo.
598 251 646 298 nn
664 253 746 300 vrrs
763 251 947 300 cuasarum
964 253 1032 298 ure.
1046 253 1133 303 v111.

90 457 94 466 .
157 427 238 470 more
256 410 357 467 veteri.
395 407 467 467 Nam
486 426 549 467 cum
565 406 692 467 Oculatis
711 406 871 485 sororibus,
886 408 954 467 item
967 406 1163 469 Varronillae

157 492 278 553 liberum
297 492 396 550 mortis
415 494 593 570 permisisset
614 491 760 552 arbitrium
782 501 1028 570 corruptoresque
1053 510 1163 553 earum

156 576 335 652 relegasset,
359 592 427 634 mox
450 574 614 636 Corneliam
639 579 788 636 maximam
811 579 965 653 virginem,
989 574 1162 637 absolutam

158 659 237 733 olim,
256 657 322 717 dein
336 658 425 736 longo
442 659 594 720 intervallo
608 662 761 737 repetitam
769 668 862 738 ,atque
876 662 1039 720 convictam
1051 659 1161 721 defodi
1205 681 1206 686 ¹

136 744 318 828 'imperavit
337 751 575 821 stupratoresque
590 745 682 819 virgis
700 745 729 802 in
744 746 860 803 comitio
880 743 915 818 ad
931 761 1032 803 necem
1055 745 1182 821 caedi,⁵

19 833 284 906 1r.,:e'w2⁴‘excepto
299 830 447 904 praetorio
462 829 542 897 viro;
560 828 615 904 cui,
634 825 718 887 dubia
735 829 820 887 etiarn
836 837 893 886 tum
908 845 995 888 causa
1011 836 1041 886 et
1056 829 1160 889 incer·

157 913 194 969 tis
210 908 426 988 quaestionibus
442 920 527 990 atque
542 913 690 970 tormentis
706 909 741 970 de
759 920 850 970 semet
867 912 1016 990 professo,
1032 913 1161 972 exilium

156 994 282 1055 indulsit.
320 994 365 1054 Ao
384 1013 421 1056 ne
443 1013 499 1072 qua
520 994 625 1072 religio
645 994 729 1054 deum
752 996 866 1072 impune
896 997 1160 1074 contaminaretur,

156 1081 368 1155 monimentum,
384 1079 461 1158 quod
474 1078 595 1138 libertus
616 1080 678 1138 eius
700 1096 716 1138 e
735 1078 879 1159 lapidibus
901 1079 1009 1159 templo
1032 1078 1160 1159 Capito·
1206 1089 1207 1164 l

155 1164 205 1224 lini
225 1162 304 1222 lovis
324 1161 472 1222 destinatis
489 1163 547 1222 filio
563 1171 761 1239 exstruxerat,
778 1163 863 1222 diruit
887 1181 939 1242 per
959 1163 1086 1241 milites,
1106 1184 1157 1226 os·
1170 1179 1191 1220 ro

157 1266 246 1326 saque
264 1256 292 1307 et
308 1247 447 1325 reliquias
464 1264 537 1325 quae
554 1249 664 1307 inerant
679 1249 749 1306 mari
768 1249 878 1307 mersit.

126 1339 145 1394 <t
216 1330 294 1391 Inter
308 1331 387 1391 initia
401 1349 491 1410 usque
509 1330 582 1391 adeo
597 1331 632 1391 ab
649 1333 724 1390 omni
742 1330 833 1392 caede
849 1330 1039 1406 abhorrebat,
1055 1340 1089 1390 ut
1103 1331 1157 1392 ab·

156 1425 238 1476 sente
255 1414 346 1475 adbuc
362 1425 444 1495 patre
460 1415 629 1475 recordatus
647 1414 765 1492 Virgilii
783 1433 912 1475 versum:

239 1495 341 1578 Impia
356 1516 447 1578 quom
464 1498 565 1559 eaesis
577 1517 653 1579 pens
668 1505 714 1559 est
729 1499 856 1577 epotato
869 1497 1015 1572 iuvencis,
1207 1522 1208 1555 r

156 1584 272 1643 edicere
290 1581 450 1658 destinarit,
469 1601 507 1641 ne
527 1581 620 1642 boves
635 1583 857 1644 immolarentur.
891 1581 1060 1662 cupiditatis
1080 1599 1154 1661 quo-
1167 1598 1187 1637 rs

156 1685 212 1746 que
227 1675 313 1744 atque
329 1667 465 1726 avaritiae
485 1668 534 1725 vix
555 1667 742 1744 suspitionem
761 1668 848 1728 ullam
868 1676 915 1731 aut
938 1669 1068 1746 privatus
1093 1685 1154 1726 um·

157 1767 240 1828 quam
253 1759 301 1809 aut
316 1751 454 1828 princeps
471 1750 633 1828 aliquandiu
652 1750 745 1830 dedit,
770 1754 854 1812 immo
874 1750 1025 1812 ediverso
1045 1768 1154 1828 magna

156 1851 245 1911 saepe
261 1850 318 1893 non
333 1832 521 1897 abstinentiae
536 1835 623 1894 modo
652 1835 703 1894 sed
728 1837 813 1897 etiam
839 1834 1019 1898 liberalitatis
1034 1837 1153 1916 experi-

155 1927 260 1978 menta.
300 1916 398 1977 Omnis
421 1919 499 1979 circa
521 1937 553 1978 se
578 1918 742 1996 largissime
772 1928 961 1998 prosecutus,
980 1917 1049 1980 nihil
1070 1919 1153 1997 prius
1208 1954 1209 1996 p

154 2011 202 2064 aut
224 2001 319 2064 acrius
337 2004 446 2062 monuit
465 2020 548 2080 quam
569 2021 604 2062 ne
628 2003 696 2080 quid
714 2003 829 2065 sordide
846 2003 986 2064 facerent.
1018 2001 1186 2063 barrense
1208 1999 1209 2060 l

155 2085 210 2147 sibi
226 2083 404 2146 hereditates
419 2086 513 2163 abiis,
533 2086 634 2164 quibus
652 2086 737 2146 liberi
753 2097 848 2164 erant,
864 2104 921 2146 non
936 2087 1058 2165 recepit.
1097 2085 1151 2146 Le·
1208 2079 1209 2088 ’

123 2159 250 2248 *gatum
266 2173 351 2230 etiam
365 2189 402 2230 ex
416 2179 587 2230 testamento
604 2170 693 2230 Rusoi
713 2169 887 2249 Caepionis,
910 2173 959 2249 qui
982 2178 1102 2232 caverat
1117 2177 1150 2229 ut

155 2264 224 2333 quot
251 2256 332 2314 annis
357 2253 586 2332 ingredientibus
613 2256 719 2314 curiam
741 2254 923 2316 senatoribus
945 2262 1051 2314 certam
1074 2271 1151 2315 surn-

154 2355 227 2397 mam
243 2339 346 2396 viritim
363 2346 523 2415 praestaret
538 2336 624 2398 heres
639 2356 722 2415 suus,
739 2338 848 2398 irritum
865 2339 945 2398 iecit.
978 2337 1077 2414 Reos,
1101 2339 1151 2418 qui

155 2428 219 2480 ante
241 2421 460 2498 quinquennium
483 2424 641 2500 proximum
662 2421 738 2501 apud
758 2416 899 2482 aerarium
928 2421 1150 2502 pependissent,
1161 2436 1183 2474 a

154 2504 306 2562 universos
323 2504 485 2564 discrimine
506 2504 658 2583 liberavit,
670 2493 737 2568 laec
760 2507 855 2585 repeti
875 2506 930 2566 nisi
951 2508 1024 2566 intra
1045 2523 1151 2564 aunum

154 2605 246 2666 eaque
263 2587 426 2647 conditione
449 2579 591 2682 permisitl
613 2598 643 2649 ut
660 2592 823 2652 accusatori
837 2592 885 2669 qui
902 2607 1017 2652 causam
1033 2606 1092 2652 non
1107 2598 1151 2649 te-

152 2681 236 2732 neret
251 2670 367 2732 exilium
382 2690 477 2750 poena
497 2682 585 2734 esset.
621 2675 738 2738 Scribas
755 2675 939 2754 quaestorios
960 2675 1151 2752 negotiantis,

154 2777 191 2818 ex
208 2755 414 2818 consuetudine
430 2756 482 2816 sed
499 2767 598 2818 contra
610 2757 740 2819 Clodiam
756 2760 863 2836 legem,
880 2759 965 2819 venia
976 2760 1004 2816 iu
1017 2766 1151 2835 praeter·

152 2844 221 2901 itum
244 2840 368 2901 donavit.
404 2840 572 2918 Subsicivo,
602 2859 675 2920 quae
698 2843 797 2902 divisis
815 2861 868 2922 per
889 2851 1047 2902 veteranos
1068 2843 1151 2918 agris
1161 2853 1183 2894 ³0

154 2927 273 3004 carptim
289 2925 508 3005 superfuerunt,
525 2926 672 2986 veteribus
694 2925 914 3004 possessoribus
935 2933 965 2988 ut
987 2944 1039 2987 usu
1063 2934 1152 3002 capta

153 3010 308 3070 concessit.
344 3009 475 3070 Fiscales
495 3008 649 3070 calumnias
671 3028 775 3087 magna
798 3009 1027 3070 calumniantium
1051 3025 1151 3087 poena

152 3096 309 3172 repressit,
331 3093 535 3172 ferebaturque
556 3110 616 3154 vox
637 3094 714 3156 eius:
740 3091 890 3172 Princeps
912 3093 965 3174 qui
989 3091 1153 3154 delatores

151 3196 212 3236 aron
227 3177 370 3256 castique,
386 3177 499 3238 irritat.

111 3263 159 3318 ω’
216 3260 273 3319 Sed
298 3279 392 3339 neque
413 3264 442 3320 in
465 3261 633 3322 elementiae
654 3279 748 3339 neque
776 3262 805 3321 iu
829 3261 1020 3324 abstinentiae
1043 3268 1186 3322 terrorest

154 3343 324 3418 permansit,
340 3354 370 3402 et
385 3352 479 3405 tamen
494 3346 638 3422 aliquanto
655 3345 779 3405 celerius
795 3344 831 3404 ad
853 3349 1002 3408 saevitiam
1025 3344 1153 3406 descivit

154 3423 293 3497 quemad
316 3426 508 3502 cupiditatem.
543 3427 721 3507 Discipulum
737 3428 846 3488 Paridis
868 3431 1033 3508 pantomimi
1055 3429 1152 3508 inipu-

153 3503 251 3562 berem
273 3504 365 3564 adhuc
385 3517 413 3566 et
436 3527 497 3568 cum
519 3513 639 3570 maxime
659 3529 795 3590 aegrum,
820 3513 897 3590 quod
918 3523 979 3574 arte
995 3513 1153 3592 formaque
