2392 3926
133 189 196 251 280
407 200 437 248 c.
461 197 624 248 suuuoun
643 198 856 259 calnomum

135 355 315 418 consuetudo
332 364 363 413 ut
380 362 587 432 componantur
609 361 742 434 pegmata
765 371 780 412 a
801 352 933 413 ludorum
953 352 1148 417 theatralium

135 438 302 500 editoribus.
347 437 443 497 Scena
461 445 568 518 autem,
591 455 664 516 quae
688 436 793 514 fiebat,
813 446 860 496 aut
874 436 990 496 versilis
1006 449 1077 500 erat
1102 452 1148 501 aut

135 524 258 584 ductilis.
302 520 425 581 Versilis
437 530 504 580 tune
519 529 589 598 erat,
606 540 669 582 curn
685 519 778 582 subito
792 529 853 580 tota
867 520 1005 580 machinis
1024 524 1145 602 quibus·

135 610 200 668 dam
216 605 438 666 convertebatur
453 614 482 665 et
496 604 580 666 aliam
595 607 725 684 picturae
740 605 845 665 faciem
861 605 1047 666 ostendebat.
1087 608 1145 668 Du-

136 691 212 765 ctilis
223 699 299 764 tunc,
316 707 379 749 cum
394 689 494 750 tractis
509 689 643 750 tabulatis
658 689 714 750 bac
728 697 814 768 atque
830 689 898 750 illac
913 689 1033 767 species
1049 693 1162 770 pictus

135 793 186 835 rae
201 773 360 834 nudabatur
380 774 499 833 interior
516 817 522 830 .
540 818 547 831 .
564 818 572 831 .
594 773 671 852 quod
685 775 779 833 Varro
796 782 826 832 et
841 773 994 833 Suetonius
1012 792 1144 836 comme-

135 867 256 919 morant.
301 856 430 919 Seroiata
442 856 486 917 ad
500 854 588 936 Verp.
606 856 716 936 Gcorp.
737 865 765 932 3,
783 865 831 916 24.

197 943 298 1004 Primis
320 951 413 1003 autem
433 941 626 1020 temporibus,
649 950 679 1001 ut
700 940 808 1001 adserit
821 939 1018 1020 Tranquillus,
1046 949 1143 1004 omnia

136 1047 210 1108 quae
225 1028 253 1087 in
269 1045 357 1087 scena
371 1034 524 1086 versantur
538 1027 567 1085 in
581 1024 733 1087 comoedia
748 1024 923 1102 agebantur;
945 1042 1010 1084 nam
1025 1037 1057 1086 et
1073 1047 1142 1106 pan-

134 1115 267 1175 tomimus
282 1121 310 1171 et
322 1109 474 1189 pythaules
489 1118 518 1169 ct
531 1109 684 1171 choraules
696 1111 725 1168 iu
740 1109 890 1169 comoedia
902 1109 1058 1170 canebant.
1084 1112 1144 1172 Sed
1153 1128 1177 1192 ¹⁰}

135 1200 200 1279 quia
225 1213 282 1256 non
297 1201 432 1274 poterant
447 1196 541 1254 omnia
559 1195 640 1254 simul
663 1191 739 1272 apud
762 1210 862 1252 omues
879 1194 1006 1254 artifices
1030 1199 1144 1273 pariter
1176 1237 1177 1254 .

135 1280 303 1358 excellere,
317 1279 342 1338 si
358 1280 406 1357 qui
423 1287 503 1338 eraut
521 1280 596 1338 iuter
612 1287 728 1338 actores
745 1276 958 1337 comoediarum
974 1295 1031 1356 pru
1049 1279 1143 1340 lacul-

134 1375 193 1427 tate
216 1373 245 1424 et
261 1372 325 1425 arte
346 1364 494 1441 potiores,
516 1365 707 1442 principatum
735 1360 790 1421 sibi
812 1360 923 1430 artificii
942 1360 1143 1423 vindicabant.

136 1452 184 1510 Sic
206 1449 311 1509 lactum
332 1455 391 1522 est,
417 1455 448 1505 ut
469 1446 634 1506 nolentibus
655 1444 762 1506 cedere
783 1444 876 1503 mimis
892 1447 920 1503 in
939 1446 1064 1506 artiiicio
1089 1466 1142 1506 suo

136 1534 244 1594 ceteris
261 1533 406 1611 separatio
423 1531 507 1590 lieret
520 1529 705 1610 reliquorum.
749 1527 821 1588 Nam
836 1528 901 1587 dum
917 1531 1052 1608 potiores
1067 1531 1142 1590 inle-
1152 1550 1171 1589 n

135 1615 272 1692 rioribus,
296 1615 343 1694 qui
364 1615 391 1672 in
412 1615 487 1672 omui
506 1615 668 1690 ergasterio
691 1621 789 1688 erant,
806 1613 918 1671 servire
933 1613 1143 1690 dedignantur,

134 1719 168 1761 se
183 1701 265 1777 ipsos
280 1716 297 1759 a
314 1696 461 1757 comoedia
477 1707 694 1776 separaverunt,
709 1715 744 1756 ac
755 1698 799 1756 sic
814 1695 920 1756 factum
936 1706 1027 1757 estut
1043 1717 1143 1758 exem·

135 1784 185 1864 plo
202 1782 293 1842 semel
305 1790 418 1860 sumpto
434 1799 506 1842 unus
518 1783 639 1861 quisque
648 1783 717 1841 artis
733 1798 802 1841 suae
812 1798 874 1840 rem
889 1783 994 1860 exequi
1003 1786 1146 1860 coeperit

134 1886 229 1948 neque
250 1869 278 1926 iu
302 1864 481 1926 comoediam
496 1866 606 1926 venire.
652 1863 740 1925 (iuius
759 1865 803 1924 rei
821 1864 926 1925 indicia
940 1863 1071 1943 produnt
1090 1886 1144 1927 no·

134 1953 180 2013 bis
195 1951 330 2030 antiquae
346 1948 532 2026 comoediae,
555 1951 583 2009 in
598 1949 700 2030 quibus
714 1949 887 2016 invenimus;
910 1957 974 2009 acte
986 1948 1068 2009 tibiis
1088 1970 1139 2030 pa·
1151 1969 1177 2012 aa

134 2037 213 2098 ribus
231 2044 278 2096 aut
299 2033 456 2113 imparibus
477 2042 525 2094 aut
541 2034 676 2094 sarranis.
722 2032 842 2109 Quando
864 2033 939 2092 enirn
963 2032 1073 2093 cborus
1097 2053 1144 2096 ca·
1176 2081 1177 2084 η

134 2121 236 2198 nebat,
261 2117 387 2180 choricis
411 2117 506 2194 tibiis,
532 2116 560 2176 id
589 2127 633 2177 est
659 2116 848 2193 chorauliois,
870 2117 976 2176 artilex
1001 2121 1143 2178 concine·

133 2205 197 2274 bat;
226 2207 255 2263 iu
284 2206 396 2263 cantico
424 2211 516 2261 autem
537 2200 710 2280 pythaulicis
730 2199 932 2280 responsabat.
977 2200 1038 2261 Sed
1063 2203 1144 2281 quod
1176 2203 1177 2208 ’

135 2288 251 2367 paribus
268 2287 345 2348 tibiis
366 2287 411 2347 vel
427 2285 582 2366 imparibus
598 2286 757 2344 invenimus
772 2286 924 2364 scripturn,
952 2284 1009 2344 boc
1029 2288 1143 2362 signifi-

134 2381 195 2432 cat:
218 2371 321 2450 quodsi
338 2370 451 2450 quando
474 2368 609 2429 monodio
633 2369 756 2446 agebat,
777 2386 861 2428 unam
883 2368 979 2428 tibiam
1002 2369 1177 2442 inflabat3es

133 2455 283 2533 siquando
300 2453 432 2530 synodio,
449 2463 595 2532 utrasque.
624 2451 790 2514 Diomedes
801 2449 865 2512 Ill.
880 2459 980 2530 17.de
995 2450 1030 2510 P.
1049 2455 1144 2514 metas
1176 2523 1177 2530 ἵ

133 2544 228 2601 totum
243 2545 338 2616 capot
351 2536 414 2596 iam
432 2536 504 2598 inde
518 2554 539 2596 u
555 2555 588 2614 p.
607 2545 676 2597 482.
699 2536 846 2598 Suetonio
860 2535 968 2596 deberi
980 2535 1119 2597 videtur.

195 2623 262 2682 Sica
285 2640 301 2682 a
319 2621 444 2682 secando
467 2620 543 2681 dicta
565 2620 819 2700 ...Tranquillus
846 2618 1043 2682 autemdicit:
1067 2620 1142 2682 Cum

134 2706 281 2768 cuiusdam
302 2703 472 2782 gladiatoris
500 2706 527 2763 in
544 2704 640 2764 ludum
660 2706 756 2765 emissi
770 2704 883 2782 gladius
907 2713 1043 2764 curvatus
1067 2705 1142 2765 fuis-

132 2801 178 2851 set
196 2810 234 2851 ex
249 2791 312 2852 acie
328 2797 417 2865 recta,
434 2789 580 2867 procurrit
599 2806 670 2848 unus
685 2788 720 2848 ad
736 2788 764 2848 id
781 2787 1000 2865 corrigendum,
1018 2793 1177 2868 tumqueaa

133 2895 149 2936 a
164 2883 312 2956 pugnante
327 2891 499 2953 responsum
517 2882 578 2934 est:
594 2872 637 2933 sic
651 2872 706 2932 bac
721 2872 868 2951 pugnabo.
897 2870 968 2931 lnde
984 2873 1067 2932 sicae
1088 2892 1141 2933 no·

130 2979 196 3020 men
214 2959 309 3020 datum
327 2966 381 3018 est.
425 2954 570 3018 isidorus
585 2956 703 3037 elpmm.
722 2963 772 3027 18,
792 2965 820 3032 6,
844 2965 872 3016 8.
1176 3001 1177 3006 ,

193 3043 292 3105 Bitbus
315 3050 344 3102 et
361 3041 503 3103 Bacchius
531 3041 721 3118 gladiatorum
748 3041 861 3100 nomina
889 3039 1039 3100 celebrata
1061 3042 1143 3120 apud
1176 3059 1177 3090 t

132 3129 299 3190 Suetonium
312 3126 509 3206 Tranquillum
524 3125 576 3184 sub
588 3125 733 3202 Augusto.
778 3125 911 3200 Quicum
927 3125 1033 3183 multos
1048 3125 1141 3186 iuter·
1176 3127 1177 3204 i

132 3213 283 3289 emissent,
307 3211 451 3272 commissi
474 3211 548 3269 inter
569 3227 601 3270 se
623 3209 725 3269 mutuis
744 3206 912 3268 vulneribus
933 3207 1177 3268 concideruntas

131 3293 169 3353 Et
185 3313 248 3353 cum
265 3294 369 3355 eodem
384 3305 516 3372 ternpore
533 3292 635 3352 mulier
651 3310 725 3370 quae
740 3301 851 3369 septem
870 3291 1029 3369 extulerat,
1045 3293 1138 3353 nube·

130 3382 177 3432 ret
188 3376 215 3433 ei
230 3376 277 3451 qui
288 3394 395 3436 uxores
410 3386 522 3453 septem
538 3377 682 3452 amiserat,
696 3375 886 3454 compositum
900 3384 945 3433 est
958 3376 1139 3454 epigramma
1176 3419 1177 3434 .

130 3455 222 3515 tale*
238 3460 253 3495 *
269 3457 284 3495 *
327 3455 455 3517 Soboliu
470 3457 514 3518 od
527 3457 637 3519 llcrat.
653 3465 712 3519 sol.
732 3468 759 3535 1,
778 3465 805 3533 7,
825 3466 872 3519 20.
