2434 3908
491 234 697 284 PRAEFATIO.
858 309 863 320 Ι
921 235 1041 286 LXXXV

134 409 165 468 p.
184 397 245 462 not,
263 397 297 452 18
314 385 320 470 Ι
338 398 374 453 nc
390 397 438 448 aut
453 391 596 449 Tarentina
606 393 751 450 nanninus
769 385 775 470 t
794 399 828 454 eo
840 392 949 450 Marco
963 395 1037 454 non.

136 475 248 548 garsias
273 477 308 532 ati
326 475 458 532 lustinum
478 483 526 546 12,
554 484 586 535 15
609 483 637 532 et
652 476 829 534 Gasaulronus
847 492 900 550 pro
914 475 1007 534 Morio
1029 470 1036 558 Ι

136 566 172 620 30
179 564 245 632 post
260 562 403 630 septimum
418 559 553 630 Vinctus,
575 560 626 616 cir.
644 578 728 632 snpra
741 562 833 617 adnot.
849 566 885 624 73
902 555 907 639 Ι
926 568 962 622 33
974 559 1036 618 Hat-

135 649 226 699 motus
242 643 343 699 omittit
357 643 432 700 llenr
440 643 606 716 Stephanus.

198 725 314 783 Persii
335 727 442 784 vitam
461 744 521 785 eam
538 743 608 798 quae
632 728 668 783 ad
690 743 741 783 nos
762 729 891 799 pervenit
916 727 1035 787 alienam
1056 739 1192 786 namneus

135 826 201 867 esse
226 826 242 866 a
266 808 401 867 Suetonio
425 816 453 866 et
469 817 582 868 veteres
602 810 669 867 libri
686 811 804 879 docent,
822 811 875 868 ‘do
896 828 1032 869 commcn-

135 893 209 950 tario
234 892 317 950 Probi
332 894 438 950 Valerii
467 893 618 951 sublatem'
639 888 837 968 testantcs'⁴)‚
867 901 895 950 et
916 895 1033 968 scriptio

135 977 199 1049 ipsa
214 976 315 1033 misere
334 979 495 1050 perturbata
512 977 642 1048 nullaque
662 977 690 1036 in
713 993 744 1032 rc
764 978 929 1034 luculentam
946 978 1033 1037 Tran-

137 1060 216 1132 quilli
231 1061 385 1116 orationem
400 1062 536 1118 referens.
569 1060 815 1116 Commentatorem
831 1061 949 1133 aliquem
965 1079 1032 1134 pro·

137 1144 204 1199 dnnt
235 1150 376 1201 auctorem
405 1146 491 1202 rerba
518 1160 590 1215 quaa
614 1144 642 1200 in
670 1143 720 1202 illa
746 1145 804 1201 rita
829 1150 939 1200 exstant
963 1146 1033 1202 haec

136 1220 226 1282 ‘hunc
252 1227 341 1300 ipsum
363 1228 464 1284 librum
491 1228 681 1299 imperfectum
709 1225 851 1299 reliquit'‚
878 1226 1034 1299 imperitum

135 1310 273 1367 laomincnt
289 1311 359 1367 haec
375 1311 530 1367 ‘Neronem
545 1311 620 1367 illius
637 1311 771 1382 temporis
786 1309 968 1382 principem'.
989 1311 1032 1368 Ac

135 1410 171 1449 ne
186 1394 248 1464 quis
263 1393 424 1464 Hieronymi
435 1395 500 1450 loco
515 1411 542 1466 p.
556 1399 621 1461 999,
644 1402 661 1454 5
676 1393 771 1466 posito
788 1394 916 1450 aboutur
931 1395 968 1450 ad
979 1411 1030 1466 pa·

135 1477 326 1533 trocinandum
343 1477 492 1547 Suetonio,
510 1478 571 1534 sive
588 1476 752 1534 Gasanltono
766 1477 858 1550 potios
875 1483 903 1534 ct
917 1478 1031 1535 Barthio

136 1560 183 1630 qui
200 1559 281 1631 primi
296 1559 455 1617 Porsinnam
468 1560 552 1616 vitam
567 1560 691 1617 Suetonii
715 1577 778 1618 essa
793 1562 957 1632 voluerunt,
979 1561 1030 1618 illo

135 1643 201 1696 loco
216 1641 284 1697 nihil
301 1643 436 1714 eflicitur,
453 1643 507 1700 nisi
524 1645 597 1716 qnod
610 1644 798 1717 unnsquisque
812 1662 863 1717 per
877 1662 909 1701 so
925 1644 1030 1701 intelli-

136 1723 198 1794 git,
219 1725 254 1780 de
274 1724 370 1783 Persio
388 1743 497 1799 quoque
513 1728 541 1783 in
559 1729 715 1786 illustribus
730 1727 800 1786 uiris
821 1736 910 1788 aotnm
925 1729 1030 1794 inisse;

136 1823 198 1863 num
222 1823 277 1879 quc
303 1825 374 1865 anno
396 1810 495 1881 uliquis
516 1818 544 1866 et
564 1811 611 1866 urbi
633 1819 712 1868 nntns
733 1813 771 1868 sit
787 1819 982 1884 mortuusque,
1003 1811 1033 1870 id

136 1897 213 1947 cerie
243 1908 277 1947 no
306 1899 462 1964 postremus
486 1894 596 1965 quidem
620 1896 695 1950 vitae
728 1895 848 1967 scriptor
869 1894 1032 1968 praetermi-

135 1974 214 2030 serit.

199 2057 302 2114 Verum
317 2057 371 2114 alie
389 2075 435 2114 res
451 2064 495 2114 est
511 2059 546 2113 dc
566 2059 696 2121 Lucani
716 2059 790 2115 nita
810 2077 837 2132 p.
853 2067 915 2131 299,
937 2068 971 2122 13
987 2077 1031 2117 rc-
1043 2065 1121 2111 tmesi
1138 2069 1192 2127 atta,

135 2140 207 2210 lata,
229 2141 301 2196 unde
322 2157 354 2197 rc
370 2136 480 2216 verc⁷⁵)
501 2141 684 2212 Hieronymus
707 2143 839 2198 caterba
857 2159 928 2214 qnae
948 2160 1031 2215 prac-

136 2223 279 2294 posuimus
295 2223 454 2298 exscripsit.
497 2224 641 2280 Accedunt
656 2223 818 2280 Suetoniani
834 2220 983 2301 ingenii⁷⁰)
998 2243 1031 2284 ac

134 2305 193 2361 stili
212 2313 266 2363 tam
288 2314 382 2379 aperta
398 2308 535 2380 vestigia,
560 2313 590 2364 ut
610 2306 685 2363 docti
705 2307 832 2364 homines
852 2314 916 2381 poet
939 2307 1027 2367 Scall-

134 2385 274 2464 gernmff)
290 2391 481 2447 Casaubonnm
496 2391 659 2448 salmasium
681 2392 716 2447 ati
735 2407 816 2446 noum
832 2407 927 2449 omnes
942 2394 977 2451 dc
993 2394 1029 2450 li·

134 2471 268 2529 lnstriirns
282 2473 351 2529 uiris
374 2481 531 2548 excerptam
548 2491 613 2531 csse
630 2476 831 2531 consenserint.
873 2474 967 2549 Neque
989 2484 1030 2535 ta-

134 2571 195 2610 meu
208 2573 261 2630 pro
275 2556 384 2628 integra
402 2558 499 2614 haberi
513 2559 604 2615 debet
648 2557 847 2614 Desiderantur
862 2560 934 2616 enim
950 2560 1031 2619 initio

202 2733 249 2798 74)
270 2736 430 2787 Recentiorea
456 2737 513 2788 libri
536 2745 560 2787 et
581 2738 699 2802 impressi
721 2737 824 2788 Cornuti
845 2751 937 2788 nomen
954 2753 1028 2804 prae-

133 2804 257 2870 scriptum
271 2803 371 2854 habent.

199 2870 248 2935 35)
262 2873 326 2922 liam
335 2871 435 2922 diversa
452 2873 515 2923 satis
533 2888 563 2922 ea
576 2880 635 2923 sunt
651 2888 715 2936 qnae
732 2873 760 2923 in
775 2873 855 2924 altero
865 2873 960 2924 Lucani
976 2873 1028 2924 vita

132 2942 265 3009 leguntur:
283 2956 360 2990 oman
375 2941 424 2991 eibi
437 2943 573 3004 praecidit.

200 3009 246 3073 76)
270 3009 381 3074 iniquior
397 3009 536 3074 Tranquilli
558 3009 585 3058 in
604 3009 731 3059 Lucanum
747 3009 846 3061 animno
864 3010 1027 3074 eiusdemque

134 3077 164 3127 ic
187 3076 282 3127 Seneca
302 3077 422 3127 indicium
443 3078 524 3128 acrius
546 3076 636 3142 (supra
658 3092 684 3142 p.
704 3077 770 3140 loc,
799 3077 846 3142 35)
867 3092 882 3127 a
905 3078 1027 3144 scriptore

132 3160 184 3196 non
199 3145 334 3196 obhorrent
349 3148 509 3211 antiquorum
526 3144 711 3196 studiosissimo
728 3153 753 3195 et
771 3145 915 3205 Quintiliani
931 3147 953 3196 si
975 3160 1027 3198 non

133 3213 266 3280 disciplina
282 3221 307 3264 at
322 3223 388 3264 certe
402 3215 493 3265 indicio
510 3213 669 3264 sommatore.

199 3282 245 3346 77)
270 3283 299 3332 In
326 3283 472 3348 Appendice
502 3282 645 3348 Vergiliano
669 3280 724 3331 sive
752 3280 884 3332 catalectis
907 3282 1027 3348 Lugduni

131 3365 155 3400 a.
172 3349 239 3401 1573
259 3350 351 3410 editis,
370 3351 402 3401 ad
418 3351 511 3402 cuttets
531 3351 638 3401 initium.
673 3349 777 3399 lacobus
793 3364 894 3414 qnoque
911 3351 1027 3418 Bongar-

131 3420 185 3469 sins
202 3421 229 3469 in
245 3419 330 3469 codice
344 3419 464 3470 Bernensi
482 3420 515 3470 45
536 3417 677 3468 adnotavit:
697 3425 758 3480 puto
775 3433 792 3468 a
806 3417 925 3472 Suetonio
944 3418 1026 3470 Tran-

130 3490 207 3553 quillo
220 3486 286 3538 itanc
294 3489 367 3538 citam
378 3503 434 3540 ecce
445 3487 600 3552 descriptam,
