2466 3896
249 603 291 685 o.
320 547 554 686 suuuonu
578 603 917 694 uauuouuum

98 770 216 870 DE
269 769 499 871 VITA
547 768 1060 872 CAESARUM

455 971 697 1035 LIBERVI.

506 1129 652 1202 NERO.

57 1489 72 1541 1
151 1467 197 1526 Ex
217 1475 306 1543 gente
318 1462 442 1524 Domitia
461 1463 534 1523 duae
550 1465 673 1526 familiae
695 1466 872 1543 claruerunt,
893 1465 1097 1529 Caluinorumu

85 1561 114 1611 et
140 1547 390 1610 Aenobarborum.
427 1546 593 1608 Aenobarbi
620 1559 768 1610 auctorem
798 1551 918 1628 originis
950 1550 1074 1628 itemque

85 1635 266 1711 cognominis
277 1631 384 1691 habent
396 1630 427 1690 ln.
441 1628 609 1707 Domitium,
626 1635 670 1692 cul
681 1652 748 1693 rnre
763 1634 906 1712 quondam
917 1634 1075 1693 revertenti

83 1719 203 1776 iuvenes
219 1715 325 1794 gemini
344 1716 511 1793 augustiore
529 1715 621 1775 lorma
637 1735 674 1776 er
695 1734 819 1777 occursu
838 1720 998 1797 imperasse
1018 1726 1074 1777 tra·

84 1802 200 1877 duntur,
217 1801 360 1878 nuntiaret
376 1799 487 1859 senatui
502 1817 536 1858 ac
552 1800 661 1878 populo
677 1803 842 1880 victoriam,
859 1801 895 1861 dc
912 1819 967 1880 qua
982 1802 1074 1860 incer·
1175 1843 1205 1875 a·

83 1895 141 1944 tum
157 1884 249 1946 adbuc
270 1893 345 1953 erat;
373 1893 458 1962 atque
474 1884 502 1941 in
517 1883 601 1943 sudem
621 1885 777 1945 maiestatis
799 1885 872 1946 adeo
888 1885 1109 1964 permulsissent

1 1994 77 2072 gut(
20 1953 187 2046 malas,
209 1978 240 2028 ut
255 1987 271 2028 e
288 1969 370 2066 nigro
385 1967 499 2027 rutilum
514 1969 631 2046 aerique
646 1968 803 2029 adsimilem
823 1969 958 2048 capillum
973 1968 1075 2028 redde·

1 2049 49 2144 ζ.
73 2053 157 2114 '.rent
181 2052 284 2128 Quod
276 2070 388 2129 insigne
403 2051 506 2112 mansit
518 2053 569 2110 et
561 2070 589 2110 m
604 2054 728 2131 posteris
743 2055 823 2130 eius,
839 2071 874 2113 ac
889 2071 993 2130 magua
1008 2070 1077 2131 pars

84 2138 168 2199 rutila
199 2137 289 2198 barba
313 2137 436 2196 luerunt
475 2135 576 2195 Functi
604 2146 698 2197 autem
727 2136 924 2198 consulatibus
952 2145 1076 2214 septem,

84 2221 226 2300 triumpho
244 2238 422 2298 censuraque
438 2219 560 2299 duplici,
576 2229 604 2279 et
615 2222 689 2280 inter
703 2222 841 2299 patricios
855 2221 960 2281 adlecti
975 2239 1075 2299 perse·

60 2378 63 2386 A
84 2313 258 2366 veraverunt
275 2322 374 2363 omnes
389 2306 417 2362 in
434 2303 537 2364 eodem
554 2307 735 2381 cognomine.
747 2311 755 2349 t
764 2305 809 2364 Ac
830 2323 866 2364 ne
889 2306 1075 2384 praenomina
1087 2325 1112 2365 ns
1150 2309 1163 2332 ³

86 2389 201 2467 quidem
216 2387 274 2447 ulla
290 2396 491 2467 praeterquam
515 2387 604 2449 Gnaei
627 2397 655 2448 et
675 2387 745 2448 Luci
765 2398 951 2468 usurparunt;
983 2405 1076 2467 eaque

84 2475 147 2550 ipsa
169 2469 289 2531 notabili
315 2473 470 2548 varietate,
496 2471 581 2532 modo
610 2475 807 2546 continuantes
835 2472 1076 2550 unumquodque

84 2556 241 2636 pertrinas
265 2572 421 2633 personas,
450 2555 536 2614 modo
559 2556 734 2618 alternantes
759 2575 813 2636 per
837 2556 975 2634 singulas.
1002 2555 1076 2616 Nam

85 2641 205 2721 primum
219 2638 431 2717 secundumque
448 2658 482 2698 ac
502 2641 615 2699 tertium
630 2641 870 2703 Aenobarborum
885 2640 1005 2717 Lucios,
1030 2657 1075 2699 sc·
1163 2671 1168 2679 ·
1204 2650 1209 2658 “

85 2726 198 2804 quentis
224 2740 323 2782 rursus
345 2732 405 2782 tres
426 2741 463 2782 ex
481 2722 581 2783 ordine
601 2723 717 2802 Gnaeos
736 2726 919 2804 accepimus,
946 2724 1113 2803 reliquosao
1206 2715 1221 2732 ⁸

84 2808 196 2870 nonnisi
219 2808 347 2867 vicissim
372 2815 430 2869 tum
450 2807 555 2868 Lucios
577 2816 634 2868 tum
656 2809 780 2870 Gnaeos.
816 2809 909 2870 Pluris
930 2827 948 2867 e
968 2807 1076 2867 lamilia

85 2892 225 2970 cognosci
236 2893 349 2952 relerre
365 2890 504 2970 arbitror,
521 2910 578 2970 quo
592 2893 703 2953 lacilius
725 2902 865 2972 appareat
886 2893 925 2952 ita
950 2891 1075 2969 degene-

83 2994 165 3036 rasse
181 2993 325 3036 asuorum
337 2976 487 3036 virtutibus
500 2975 596 3051 Nero,
612 2985 642 3036 nt
655 2986 748 3036 tamen
760 2978 827 3036 vitia
843 2977 981 3056 cuiusque
995 2976 1076 3055 quasi
1091 3043 1093 3047 ,

49 3067 67 3118 a
83 3059 185 3121 tradita
202 3069 231 3119 et
248 3061 373 3138 ingenita
389 3059 529 3119 retulerit.
537 3075 539 3086 ’
560 3060 598 3120 Ut
615 3061 702 3137 igitur
724 3060 811 3139 paulo
833 3060 917 3121 altius
934 3068 1076 3138 repetam,

84 3151 185 3202 atavus
201 3146 261 3202 elus
286 3142 345 3203 CN.
359 3142 527 3204 Domitius
518 3163 547 3202 ιιι
563 3142 705 3212 tribunatu
720 3144 904 3222 pontilicibus
926 3143 1113 3242 ollensipr,as
1210 3194 1212 3203 .

86 3225 163 3303 quod
183 3226 268 3286 allum
292 3246 375 3306 quam
397 3245 430 3287 se
452 3229 481 3286 in
502 3228 591 3306 patris
614 3229 657 3286 sui
677 3227 773 3288 locum
795 3236 999 3308 cooptassent,
1031 3227 1075 3286 ius

86 3307 267 3368 sacerdotum
282 3310 530 3389 subrogandorum
546 3329 562 3370 a
583 3310 717 3388 collegiis
739 3311 775 3372 ad
793 3311 930 3391 populum
953 3319 1074 3372 transtu·

85 3389 133 3465 lit,
166 3397 195 3447 at
224 3391 252 3449 in
278 3394 427 3454 consulatu
452 3392 663 3472 Allobrogibus
693 3394 890 3475 Arvernisque
919 3396 1074 3473 superatis,
1184 3429 1202 3471 ,a

86 3469 242 3550 elephanto
268 3492 321 3551 per
335 3478 511 3554 provinciam
534 3487 634 3538 vectus
656 3488 716 3560 est,
744 3477 827 3540 turba
851 3478 969 3538 militurn
992 3479 1076 3558 quasi
1146 3497 1147 3502 ¹
1170 3475 1211 3500 ”
