<?xml version="1.0" encoding="UTF-8"?>
<!DOCTYPE html PUBLIC "-//W3C//DTD XHTML 1.0 Transitional//EN"
    "http://www.w3.org/TR/xhtml1/DTD/xhtml1-transitional.dtd">
<html xmlns="http://www.w3.org/1999/xhtml" xml:lang="en" lang="en">
 <head>
  <title>
</title>
<meta http-equiv="Content-Type" content="text/html;charset=utf-8" />
  <meta name='ocr-system' content='tesseract 3.04.00' />
  <meta name='ocr-capabilities' content='ocr_page ocr_carea ocr_par ocr_line ocrx_word'/>
</head>
<body>
  <div class='ocr_page' id='page_1' title='image "./csuetonitranqui00suetgoog_0346.png"; bbox 0 0 2450 3910; ppageno 0'>
   <div class='ocr_carea' id='block_1_1' title="bbox 421 179 1094 240">
    <p class='ocr_par' dir='ltr' id='par_1_1' title="bbox 421 179 1094 240">
     <span class='ocr_line' id='line_1_1' title="bbox 421 179 1094 240; baseline 0.001 -2"><span class='ocrx_word' id='word_1_1' title='bbox 421 191 523 240; x_wconf 77' lang='lat' dir='ltr'><strong>nauus</strong></span> <span class='ocrx_word' id='word_1_2' title='bbox 540 191 786 240; x_wconf 79' lang='lat' dir='ltr'><strong>vusrnsunuus.</strong></span> <span class='ocrx_word' id='word_1_3' title='bbox 1036 179 1094 239; x_wconf 85' lang='lat'><strong>231</strong></span> 
     </span>
    </p>
   </div>
   <div class='ocr_carea' id='block_1_2' title="bbox 8 345 1141 3214">
    <p class='ocr_par' dir='ltr' id='par_1_2' title="bbox 8 345 1140 1085">
     <span class='ocr_line' id='line_1_2' title="bbox 104 345 1096 428; baseline -0.004 -18"><span class='ocrx_word' id='word_1_4' title='bbox 104 353 143 410; x_wconf 87' lang='lat' dir='ltr'><strong>ita</strong></span> <span class='ocrx_word' id='word_1_5' title='bbox 159 349 359 428; x_wconf 85' lang='lat' dir='ltr'><strong>pronuntiavit,</strong></span> <span class='ocrx_word' id='word_1_6' title='bbox 374 367 436 410; x_wconf 85' lang='lat' dir='ltr'><strong>ooo</strong></span> <span class='ocrx_word' id='word_1_7' title='bbox 451 354 595 426; x_wconf 75' lang='lat' dir='ltr'><strong><em>oportere</em></strong></span> <span class='ocrx_word' id='word_1_8' title='bbox 607 346 752 408; x_wconf 84' lang='lat' dir='ltr'><strong>maledici</strong></span> <span class='ocrx_word' id='word_1_9' title='bbox 766 345 981 424; x_wconf 81' lang='lat' dir='ltr'><strong>secutoribus,</strong></span> <span class='ocrx_word' id='word_1_10' title='bbox 998 365 1096 407; x_wconf 85' lang='lat' dir='ltr'><strong>remu-</strong></span> 
     </span>
     <span class='ocr_line' id='line_1_3' title="bbox 104 431 522 512; baseline -0.01 -16"><span class='ocrx_word' id='word_1_11' title='bbox 104 433 198 497; x_wconf 82' lang='lat' dir='ltr'><strong>lede&#39;ci</strong></span> <span class='ocrx_word' id='word_1_12' title='bbox 212 431 302 494; x_wconf 82' lang='lat' dir='ltr'><strong>eicite</strong></span> <span class='ocrx_word' id='word_1_13' title='bbox 315 431 429 512; x_wconf 81' lang='lat' dir='ltr'><strong>furque</strong></span> <span class='ocrx_word' id='word_1_14' title='bbox 444 449 522 493; x_wconf 81' lang='lat' dir='ltr'><strong>esse.</strong></span> 
     </span>
     <span class='ocr_line' id='line_1_4' title="bbox 166 515 1140 596; baseline 0 -20"><span class='ocrx_word' id='word_1_15' title='bbox 166 515 267 577; x_wconf 80' lang='lat' dir='ltr'><strong>Litium</strong></span> <span class='ocrx_word' id='word_1_16' title='bbox 296 519 389 578; x_wconf 90' lang='lat' dir='ltr'><strong>series</strong></span> <span class='ocrx_word' id='word_1_17' title='bbox 413 517 520 595; x_wconf 89' lang='lat' dir='ltr'><strong>ubique</strong></span> <span class='ocrx_word' id='word_1_18' title='bbox 544 516 681 577; x_wconf 88' lang='lat' dir='ltr'><strong>maiorem</strong></span> <span class='ocrx_word' id='word_1_19' title='bbox 707 517 736 575; x_wconf 95' lang='lat' dir='ltr'><strong>in</strong></span> <span class='ocrx_word' id='word_1_20' title='bbox 759 517 873 578; x_wconf 89' lang='lat' dir='ltr'><strong>modum</strong></span> <span class='ocrx_word' id='word_1_21' title='bbox 896 525 1140 596; x_wconf 82' lang='lat' dir='ltr'><strong>excreverant,10</strong></span> 
     </span>
     <span class='ocr_line' id='line_1_5' title="bbox 8 600 1095 681; baseline -0.003 -18"><span class='ocrx_word' id='word_1_22' title='bbox 8 617 21 636; x_wconf 63' lang='lat'>⁵</span> <span class='ocrx_word' id='word_1_23' title='bbox 104 603 281 664; x_wconf 87' lang='lat' dir='ltr'><strong>manentibus</strong></span> <span class='ocrx_word' id='word_1_24' title='bbox 303 603 425 681; x_wconf 79' lang='lat' dir='ltr'><strong>antiquis</strong></span> <span class='ocrx_word' id='word_1_25' title='bbox 442 600 659 680; x_wconf 77' lang='lat' dir='ltr'>intercapedine</span> <span class='ocrx_word' id='word_1_26' title='bbox 676 601 744 660; x_wconf 88' lang='lat' dir='ltr'><strong>iuris</strong></span> <span class='ocrx_word' id='word_1_27' title='bbox 767 601 915 679; x_wconf 84' lang='lat' dir='ltr'><strong>dictionis,</strong></span> <span class='ocrx_word' id='word_1_28' title='bbox 934 601 1095 662; x_wconf 89' lang='lat' dir='ltr'><strong>accedenti·</strong></span> 
     </span>
     <span class='ocr_line' id='line_1_6' title="bbox 79 685 1097 765; baseline 0 -18"><span class='ocrx_word' id='word_1_29' title='bbox 79 689 158 749; x_wconf 74' lang='lat' dir='ltr'><strong>thus</strong></span> <span class='ocrx_word' id='word_1_30' title='bbox 172 688 255 746; x_wconf 86' lang='lat' dir='ltr'><strong>novis</strong></span> <span class='ocrx_word' id='word_1_31' title='bbox 270 703 307 746; x_wconf 86' lang='lat' dir='ltr'><strong>ex</strong></span> <span class='ocrx_word' id='word_1_32' title='bbox 324 686 496 746; x_wconf 90' lang='lat' dir='ltr'><strong>condicione</strong></span> <span class='ocrx_word' id='word_1_33' title='bbox 512 685 688 765; x_wconf 81' lang='lat' dir='ltr'>tumultuque</span> <span class='ocrx_word' id='word_1_34' title='bbox 704 694 880 764; x_wconf 88' lang='lat' dir='ltr'><strong>temporum;</strong></span> <span class='ocrx_word' id='word_1_35' title='bbox 905 696 983 747; x_wconf 81' lang='lat' dir='ltr'><strong>sorte</strong></span> <span class='ocrx_word' id='word_1_36' title='bbox 1006 687 1097 764; x_wconf 88' lang='lat' dir='ltr'><strong>elegit</strong></span> 
     </span>
     <span class='ocr_line' id='line_1_7' title="bbox 105 769 1098 853; baseline -0.002 -21"><span class='ocrx_word' id='word_1_37' title='bbox 105 790 159 853; x_wconf 88' lang='lat' dir='ltr'><strong>per</strong></span> <span class='ocrx_word' id='word_1_38' title='bbox 177 787 250 850; x_wconf 91' lang='lat' dir='ltr'><strong>quos</strong></span> <span class='ocrx_word' id='word_1_39' title='bbox 264 780 346 850; x_wconf 88' lang='lat' dir='ltr'><strong>rapta</strong></span> <span class='ocrx_word' id='word_1_40' title='bbox 361 770 439 831; x_wconf 91' lang='lat' dir='ltr'><strong>bello</strong></span> <span class='ocrx_word' id='word_1_41' title='bbox 460 771 703 848; x_wconf 82' lang='lat' dir='ltr'><strong>restituerentur,</strong></span> <span class='ocrx_word' id='word_1_42' title='bbox 720 771 825 849; x_wconf 89' lang='lat' dir='ltr'><strong>quique</strong></span> <span class='ocrx_word' id='word_1_43' title='bbox 846 769 950 831; x_wconf 91' lang='lat' dir='ltr'><strong>iudicia</strong></span> <span class='ocrx_word' id='word_1_44' title='bbox 971 780 1098 832; x_wconf 51' lang='lat' dir='ltr'><strong>centum·¹</strong></span> 
     </span>
     <span class='ocr_line' id='line_1_8' title="bbox 104 854 1095 934; baseline 0 -18"><span class='ocrx_word' id='word_1_45' title='bbox 104 856 215 933; x_wconf 82' lang='lat' dir='ltr'><strong>viralis,</strong></span> <span class='ocrx_word' id='word_1_46' title='bbox 233 855 334 934; x_wconf 84' lang='lat' dir='ltr'><strong>quibus</strong></span> <span class='ocrx_word' id='word_1_47' title='bbox 351 855 527 934; x_wconf 83' lang='lat' dir='ltr'><strong>peragendis</strong></span> <span class='ocrx_word' id='word_1_48' title='bbox 540 855 591 914; x_wconf 82' lang='lat' dir='ltr'><strong>vix</strong></span> <span class='ocrx_word' id='word_1_49' title='bbox 606 854 762 914; x_wconf 86' lang='lat' dir='ltr'><strong>sulieetura</strong></span> <span class='ocrx_word' id='word_1_50' title='bbox 779 854 956 932; x_wconf 85' lang='lat' dir='ltr'><strong>litigatorum</strong></span> <span class='ocrx_word' id='word_1_51' title='bbox 979 855 1095 916; x_wconf 86' lang='lat' dir='ltr'><strong>videba-</strong></span> 
     </span>
     <span class='ocr_line' id='line_1_9' title="bbox 104 937 1095 1016; baseline -0.002 -15"><span class='ocrx_word' id='word_1_52' title='bbox 104 951 150 1001; x_wconf 90' lang='lat' dir='ltr'><strong>tur</strong></span> <span class='ocrx_word' id='word_1_53' title='bbox 164 949 260 1016; x_wconf 89' lang='lat' dir='ltr'><strong>aetas,</strong></span> <span class='ocrx_word' id='word_1_54' title='bbox 276 949 357 1000; x_wconf 86' lang='lat' dir='ltr'><strong>extra</strong></span> <span class='ocrx_word' id='word_1_55' title='bbox 373 939 503 1001; x_wconf 82' lang='lat' dir='ltr'><strong>ordinem</strong></span> <span class='ocrx_word' id='word_1_56' title='bbox 519 938 707 1000; x_wconf 88' lang='lat' dir='ltr'><strong>diiudicarent</strong></span> <span class='ocrx_word' id='word_1_57' title='bbox 725 937 951 1016; x_wconf 81' lang='lat' dir='ltr'><strong>redigerentque</strong></span> <span class='ocrx_word' id='word_1_58' title='bbox 973 939 1008 999; x_wconf 88' lang='lat' dir='ltr'><strong>ad</strong></span> <span class='ocrx_word' id='word_1_59' title='bbox 1029 940 1095 999; x_wconf 88' lang='lat' dir='ltr'><strong>bre·</strong></span> 
     </span>
     <span class='ocr_line' id='line_1_10' title="bbox 104 1026 421 1085; baseline -0.006 0"><span class='ocrx_word' id='word_1_60' title='bbox 104 1026 252 1085; x_wconf 84' lang='lat' dir='ltr'><strong>vissimum</strong></span> <span class='ocrx_word' id='word_1_61' title='bbox 267 1043 421 1085; x_wconf 88' lang='lat' dir='ltr'><strong>numerum.</strong></span> 
     </span>
    </p>

    <p class='ocr_par' dir='ltr' id='par_1_3' title="bbox 66 1107 1137 1526">
     <span class='ocr_line' id='line_1_11' title="bbox 66 1107 1137 1188; baseline -0.003 -19"><span class='ocrx_word' id='word_1_62' title='bbox 66 1119 96 1164; x_wconf 77' lang='lat'><strong>2⁰</strong></span> <span class='ocrx_word' id='word_1_63' title='bbox 166 1107 268 1169; x_wconf 90' lang='lat' dir='ltr'><strong>Libido</strong></span> <span class='ocrx_word' id='word_1_64' title='bbox 284 1119 370 1188; x_wconf 90' lang='lat' dir='ltr'><strong>atque</strong></span> <span class='ocrx_word' id='word_1_65' title='bbox 386 1109 497 1169; x_wconf 86' lang='lat' dir='ltr'><strong>luxuria</strong></span> <span class='ocrx_word' id='word_1_66' title='bbox 519 1115 678 1169; x_wconf 70' lang='lat' dir='ltr'><strong>coercente</strong></span> <span class='ocrx_word' id='word_1_67' title='bbox 698 1107 777 1168; x_wconf 93' lang='lat' dir='ltr'><strong>nullo</strong></span> <span class='ocrx_word' id='word_1_68' title='bbox 799 1107 974 1176; x_wconf 87' lang='lat' dir='ltr'><strong>invaluerat;</strong></span> <span class='ocrx_word' id='word_1_69' title='bbox 995 1116 1096 1166; x_wconf 90' lang='lat' dir='ltr'><strong>auctor</strong></span> <span class='ocrx_word' id='word_1_70' title='bbox 1105 1120 1137 1174; x_wconf 91' lang='lat'><strong>11</strong></span> 
     </span>
     <span class='ocr_line' id='line_1_12' title="bbox 105 1192 1096 1272; baseline -0.003 -18"><span class='ocrx_word' id='word_1_71' title='bbox 105 1195 216 1254; x_wconf 91' lang='lat' dir='ltr'><strong>senatui</strong></span> <span class='ocrx_word' id='word_1_72' title='bbox 235 1193 289 1252; x_wconf 90' lang='lat' dir='ltr'><strong>luit</strong></span> <span class='ocrx_word' id='word_1_73' title='bbox 312 1192 504 1271; x_wconf 90' lang='lat' dir='ltr'><strong>decernendi,</strong></span> <span class='ocrx_word' id='word_1_74' title='bbox 526 1201 557 1253; x_wconf 93' lang='lat' dir='ltr'><strong>ut</strong></span> <span class='ocrx_word' id='word_1_75' title='bbox 580 1210 653 1272; x_wconf 87' lang='lat' dir='ltr'><strong>quae</strong></span> <span class='ocrx_word' id='word_1_76' title='bbox 676 1211 708 1252; x_wconf 88' lang='lat' dir='ltr'><strong>se</strong></span> <span class='ocrx_word' id='word_1_77' title='bbox 729 1192 824 1252; x_wconf 90' lang='lat' dir='ltr'><strong>alieno</strong></span> <span class='ocrx_word' id='word_1_78' title='bbox 846 1207 933 1252; x_wconf 87' lang='lat' dir='ltr'><strong>servo</strong></span> <span class='ocrx_word' id='word_1_79' title='bbox 949 1192 1096 1270; x_wconf 88' lang='lat' dir='ltr'><strong>iunxisset,</strong></span> 
     </span>
     <span class='ocr_line' id='line_1_13' title="bbox 105 1275 1096 1346; baseline -0.006 -6"><span class='ocrx_word' id='word_1_80' title='bbox 105 1279 208 1340; x_wconf 88' lang='lat' dir='ltr'><strong>ancilla</strong></span> <span class='ocrx_word' id='word_1_81' title='bbox 230 1277 399 1346; x_wconf 68' lang='lat' dir='ltr'><strong>hederatum</strong></span> <span class='ocrx_word' id='word_1_82' title='bbox 422 1295 497 1336; x_wconf 88' lang='lat' dir='ltr'><strong>neve</strong></span> <span class='ocrx_word' id='word_1_83' title='bbox 520 1277 642 1336; x_wconf 88' lang='lat' dir='ltr'><strong>liliorum</strong></span> <span class='ocrx_word' id='word_1_84' title='bbox 671 1277 840 1337; x_wconf 80' lang='lat' dir='ltr'><strong>familiarum</strong></span> <span class='ocrx_word' id='word_1_85' title='bbox 864 1275 1096 1336; x_wconf 82' lang='lat' dir='ltr'><strong>foeneratoribus</strong></span> 
     </span>
     <span class='ocr_line' id='line_1_14' title="bbox 105 1361 1096 1440; baseline -0.004 -17"><span class='ocrx_word' id='word_1_86' title='bbox 105 1361 241 1440; x_wconf 84' lang='lat' dir='ltr'><strong>exigendi</strong></span> <span class='ocrx_word' id='word_1_87' title='bbox 258 1361 359 1422; x_wconf 90' lang='lat' dir='ltr'><strong>crediti</strong></span> <span class='ocrx_word' id='word_1_88' title='bbox 373 1364 416 1421; x_wconf 88' lang='lat' dir='ltr'><strong>ius</strong></span> <span class='ocrx_word' id='word_1_89' title='bbox 434 1379 565 1440; x_wconf 89' lang='lat' dir='ltr'><strong>umquam</strong></span> <span class='ocrx_word' id='word_1_90' title='bbox 581 1369 674 1438; x_wconf 88' lang='lat' dir='ltr'><strong>esset,</strong></span> <span class='ocrx_word' id='word_1_91' title='bbox 695 1361 752 1421; x_wconf 89' lang='lat' dir='ltr'><strong>hoc</strong></span> <span class='ocrx_word' id='word_1_92' title='bbox 775 1369 820 1420; x_wconf 88' lang='lat' dir='ltr'><strong>est</strong></span> <span class='ocrx_word' id='word_1_93' title='bbox 841 1378 878 1420; x_wconf 87' lang='lat' dir='ltr'><strong>ne</strong></span> <span class='ocrx_word' id='word_1_94' title='bbox 899 1369 967 1439; x_wconf 87' lang='lat' dir='ltr'><strong>post</strong></span> <span class='ocrx_word' id='word_1_95' title='bbox 986 1369 1096 1438; x_wconf 87' lang='lat' dir='ltr'><strong>patrum</strong></span> 
     </span>
     <span class='ocr_line' id='line_1_15' title="bbox 105 1447 871 1526; baseline -0.003 -20"><span class='ocrx_word' id='word_1_96' title='bbox 105 1447 219 1526; x_wconf 89' lang='lat' dir='ltr'><strong>quidem</strong></span> <span class='ocrx_word' id='word_1_97' title='bbox 233 1456 364 1506; x_wconf 89' lang='lat' dir='ltr'><strong>mortem.</strong></span> <span class='ocrx_word' id='word_1_98' title='bbox 866 1517 871 1524; x_wconf 15' lang='grc' dir='ltr'><strong><em>ἡ</em></strong></span> 
     </span>
    </p>

    <p class='ocr_par' dir='ltr' id='par_1_4' title="bbox 65 1529 1140 1947">
     <span class='ocr_line' id='line_1_16' title="bbox 65 1529 1096 1609; baseline 0 -21"><span class='ocrx_word' id='word_1_99' title='bbox 65 1547 95 1588; x_wconf 77' lang='grc' dir='ltr'><strong>ιι</strong></span> <span class='ocrx_word' id='word_1_100' title='bbox 165 1529 280 1592; x_wconf 83' lang='lat' dir='ltr'><strong>Ceteris</strong></span> <span class='ocrx_word' id='word_1_101' title='bbox 296 1531 324 1592; x_wconf 92' lang='lat' dir='ltr'><strong>in</strong></span> <span class='ocrx_word' id='word_1_102' title='bbox 336 1529 424 1590; x_wconf 91' lang='lat' dir='ltr'><strong>rebus</strong></span> <span class='ocrx_word' id='word_1_103' title='bbox 440 1532 533 1591; x_wconf 89' lang='lat' dir='ltr'><strong>statim</strong></span> <span class='ocrx_word' id='word_1_104' title='bbox 547 1529 583 1590; x_wconf 91' lang='lat' dir='ltr'><strong>ab</strong></span> <span class='ocrx_word' id='word_1_105' title='bbox 599 1530 678 1590; x_wconf 90' lang='lat' dir='ltr'><strong>initio</strong></span> <span class='ocrx_word' id='word_1_106' title='bbox 691 1531 869 1609; x_wconf 86' lang='lat' dir='ltr'><strong>principatus</strong></span> <span class='ocrx_word' id='word_1_107' title='bbox 883 1545 974 1609; x_wconf 84' lang='lat' dir='ltr'><strong>usque</strong></span> <span class='ocrx_word' id='word_1_108' title='bbox 989 1529 1025 1589; x_wconf 90' lang='lat' dir='ltr'><strong>ad</strong></span> <span class='ocrx_word' id='word_1_109' title='bbox 1038 1531 1096 1589; x_wconf 81' lang='lat' dir='ltr'><strong>eni·</strong></span> 
     </span>
     <span class='ocr_line' id='line_1_17' title="bbox 104 1613 1140 1695; baseline -0.001 -20"><span class='ocrx_word' id='word_1_110' title='bbox 104 1624 163 1675; x_wconf 91' lang='lat' dir='ltr'><strong>tum</strong></span> <span class='ocrx_word' id='word_1_111' title='bbox 179 1615 270 1674; x_wconf 90' lang='lat' dir='ltr'><strong>civilis</strong></span> <span class='ocrx_word' id='word_1_112' title='bbox 286 1625 315 1675; x_wconf 89' lang='lat' dir='ltr'><strong>et</strong></span> <span class='ocrx_word' id='word_1_113' title='bbox 331 1613 469 1692; x_wconf 88' lang='lat' dir='ltr'><strong>clemens,</strong></span> <span class='ocrx_word' id='word_1_114' title='bbox 484 1615 712 1676; x_wconf 88' lang='lat' dir='ltr'><strong>mediocritatem</strong></span> <span class='ocrx_word' id='word_1_115' title='bbox 727 1614 875 1695; x_wconf 88' lang='lat' dir='ltr'><strong>pristinam</strong></span> <span class='ocrx_word' id='word_1_116' title='bbox 896 1632 991 1694; x_wconf 89' lang='lat' dir='ltr'><strong>neque</strong></span> <span class='ocrx_word' id='word_1_117' title='bbox 1015 1613 1140 1674; x_wconf 75' lang='lat' dir='ltr'><strong>dissi-12</strong></span> 
     </span>
     <span class='ocr_line' id='line_1_18' title="bbox 104 1698 1098 1780; baseline 0 -21"><span class='ocrx_word' id='word_1_118' title='bbox 104 1698 222 1759; x_wconf 87' lang='lat' dir='ltr'><strong>mulavit</strong></span> <span class='ocrx_word' id='word_1_119' title='bbox 235 1718 367 1779; x_wconf 87' lang='lat' dir='ltr'><strong>umquam</strong></span> <span class='ocrx_word' id='word_1_120' title='bbox 383 1718 417 1760; x_wconf 93' lang='lat' dir='ltr'><strong>ac</strong></span> <span class='ocrx_word' id='word_1_121' title='bbox 432 1701 601 1780; x_wconf 80' lang='lat' dir='ltr'><strong>frequenter</strong></span> <span class='ocrx_word' id='word_1_122' title='bbox 625 1702 710 1761; x_wconf 91' lang='lat' dir='ltr'><strong>etiam</strong></span> <span class='ocrx_word' id='word_1_123' title='bbox 732 1718 803 1778; x_wconf 91' lang='lat' dir='ltr'><strong>prae</strong></span> <span class='ocrx_word' id='word_1_124' title='bbox 825 1718 858 1760; x_wconf 92' lang='lat' dir='ltr'><strong>se</strong></span> <span class='ocrx_word' id='word_1_125' title='bbox 878 1699 950 1759; x_wconf 89' lang='lat' dir='ltr'><strong>tulit.</strong></span> <span class='ocrx_word' id='word_1_126' title='bbox 976 1700 1050 1775; x_wconf 83' lang='lat' dir='ltr'><strong>Quin</strong></span> <span class='ocrx_word' id='word_1_127' title='bbox 1069 1708 1098 1759; x_wconf 87' lang='lat' dir='ltr'><strong>et</strong></span> 
     </span>
     <span class='ocr_line' id='line_1_19' title="bbox 106 1784 1096 1863; baseline 0 -19"><span class='ocrx_word' id='word_1_128' title='bbox 106 1785 236 1844; x_wconf 93' lang='lat' dir='ltr'><strong>conantis</strong></span> <span class='ocrx_word' id='word_1_129' title='bbox 253 1785 392 1863; x_wconf 89' lang='lat' dir='ltr'><strong>quosdam</strong></span> <span class='ocrx_word' id='word_1_130' title='bbox 406 1785 547 1863; x_wconf 85' lang='lat' dir='ltr'><strong>originem</strong></span> <span class='ocrx_word' id='word_1_131' title='bbox 558 1784 651 1844; x_wconf 84' lang='lat' dir='ltr'><strong>Flavii</strong></span> <span class='ocrx_word' id='word_1_132' title='bbox 666 1785 784 1862; x_wconf 90' lang='lat' dir='ltr'><strong>generis</strong></span> <span class='ocrx_word' id='word_1_133' title='bbox 796 1784 831 1844; x_wconf 90' lang='lat' dir='ltr'><strong>ad</strong></span> <span class='ocrx_word' id='word_1_134' title='bbox 843 1784 1011 1845; x_wconf 90' lang='lat' dir='ltr'><strong>conditores</strong></span> <span class='ocrx_word' id='word_1_135' title='bbox 1022 1784 1096 1844; x_wconf 89' lang='lat' dir='ltr'><strong>Rea-</strong></span> 
     </span>
     <span class='ocr_line' id='line_1_20' title="bbox 104 1868 1097 1947; baseline -0.002 -17"><span class='ocrx_word' id='word_1_136' title='bbox 104 1870 181 1930; x_wconf 88' lang='lat' dir='ltr'><strong>tinos</strong></span> <span class='ocrx_word' id='word_1_137' title='bbox 199 1870 388 1947; x_wconf 87' lang='lat' dir='ltr'><strong>comitemque</strong></span> <span class='ocrx_word' id='word_1_138' title='bbox 404 1869 555 1946; x_wconf 85' lang='lat' dir='ltr'><strong>Herculis,</strong></span> <span class='ocrx_word' id='word_1_139' title='bbox 576 1871 655 1929; x_wconf 90' lang='lat' dir='ltr'><strong>cuius</strong></span> <span class='ocrx_word' id='word_1_140' title='bbox 670 1869 872 1928; x_wconf 89' lang='lat' dir='ltr'><strong>monimentum</strong></span> <span class='ocrx_word' id='word_1_141' title='bbox 892 1877 970 1928; x_wconf 86' lang='lat' dir='ltr'><strong>extat</strong></span> <span class='ocrx_word' id='word_1_142' title='bbox 987 1868 1097 1928; x_wconf 88' lang='lat' dir='ltr'><strong>Salaria</strong></span> 
     </span>
    </p>

    <p class='ocr_par' dir='ltr' id='par_1_5' title="bbox 65 1951 1099 2369">
     <span class='ocr_line' id='line_1_21' title="bbox 65 1951 1097 2030; baseline 0.002 -21"><span class='ocrx_word' id='word_1_143' title='bbox 65 1953 168 2030; x_wconf 82' lang='lat' dir='ltr'><strong>aevia,</strong></span> <span class='ocrx_word' id='word_1_144' title='bbox 191 1952 304 2012; x_wconf 80' lang='lat' dir='ltr'><strong>referre</strong></span> <span class='ocrx_word' id='word_1_145' title='bbox 325 1953 413 2012; x_wconf 88' lang='lat' dir='ltr'><strong>irrisit</strong></span> <span class='ocrx_word' id='word_1_146' title='bbox 428 1952 514 2012; x_wconf 89' lang='lat' dir='ltr'><strong>ultro.</strong></span> <span class='ocrx_word' id='word_1_147' title='bbox 550 1951 694 2030; x_wconf 83' lang='lat' dir='ltr'><strong>Adeoque</strong></span> <span class='ocrx_word' id='word_1_148' title='bbox 712 1952 780 2010; x_wconf 92' lang='lat' dir='ltr'><strong>nihil</strong></span> <span class='ocrx_word' id='word_1_149' title='bbox 795 1961 1026 2012; x_wconf 89' lang='lat' dir='ltr'><strong>ornamentorum</strong></span> <span class='ocrx_word' id='word_1_150' title='bbox 1048 1971 1097 2011; x_wconf 85' lang='lat' dir='ltr'><strong>ex·</strong></span> 
     </span>
     <span class='ocr_line' id='line_1_22' title="bbox 103 2030 1098 2115; baseline 0 -19"><span class='ocrx_word' id='word_1_151' title='bbox 103 2039 247 2097; x_wconf 86' lang='lat' dir='ltr'><strong>trinsecus</strong></span> <span class='ocrx_word' id='word_1_152' title='bbox 264 2036 367 2115; x_wconf 90' lang='lat' dir='ltr'><strong>cupide</strong></span> <span class='ocrx_word' id='word_1_153' title='bbox 384 2037 532 2115; x_wconf 86' lang='lat' dir='ltr'><strong>appetivit,</strong></span> <span class='ocrx_word' id='word_1_154' title='bbox 549 2046 579 2096; x_wconf 91' lang='lat' dir='ltr'><strong>ut</strong></span> <span class='ocrx_word' id='word_1_155' title='bbox 594 2030 727 2114; x_wconf 83' lang='lat' dir='ltr'><strong>triumphi</strong></span> <span class='ocrx_word' id='word_1_156' title='bbox 745 2035 791 2095; x_wconf 91' lang='lat' dir='ltr'><strong>die</strong></span> <span class='ocrx_word' id='word_1_157' title='bbox 810 2035 947 2113; x_wconf 79' lang='lat' dir='ltr'><strong>fatigatus</strong></span> <span class='ocrx_word' id='word_1_158' title='bbox 965 2035 1098 2096; x_wconf 88' lang='lat' dir='ltr'><strong>tarditate</strong></span> 
     </span>
     <span class='ocr_line' id='line_1_23' title="bbox 105 2119 1097 2201; baseline -0.001 -20"><span class='ocrx_word' id='word_1_159' title='bbox 105 2130 135 2181; x_wconf 89' lang='lat' dir='ltr'><strong>et</strong></span> <span class='ocrx_word' id='word_1_160' title='bbox 150 2121 246 2182; x_wconf 90' lang='lat' dir='ltr'><strong>taedio</strong></span> <span class='ocrx_word' id='word_1_161' title='bbox 262 2138 388 2201; x_wconf 88' lang='lat' dir='ltr'><strong>pompae</strong></span> <span class='ocrx_word' id='word_1_162' title='bbox 403 2137 460 2180; x_wconf 91' lang='lat' dir='ltr'><strong>non</strong></span> <span class='ocrx_word' id='word_1_163' title='bbox 475 2121 639 2197; x_wconf 82' lang='lat' dir='ltr'><strong>reticuerit,</strong></span> <span class='ocrx_word' id='word_1_164' title='bbox 661 2121 769 2181; x_wconf 85' lang='lat' dir='ltr'><strong>merito</strong></span> <span class='ocrx_word' id='word_1_165' title='bbox 790 2136 824 2178; x_wconf 83' lang='lat' dir='ltr'><strong>se</strong></span> <span class='ocrx_word' id='word_1_166' title='bbox 842 2119 952 2198; x_wconf 84' lang='lat' dir='ltr'><strong>plecti,</strong></span> <span class='ocrx_word' id='word_1_167' title='bbox 976 2119 1030 2198; x_wconf 81' lang='lat' dir='ltr'><strong>qui</strong></span> <span class='ocrx_word' id='word_1_168' title='bbox 1043 2119 1097 2180; x_wconf 81' lang='lat' dir='ltr'><strong>tri·</strong></span> 
     </span>
     <span class='ocr_line' id='line_1_24' title="bbox 103 2201 1099 2284; baseline -0.003 -18"><span class='ocrx_word' id='word_1_169' title='bbox 103 2205 257 2284; x_wconf 77' lang='lat' dir='ltr'><strong>amptum,</strong></span> <span class='ocrx_word' id='word_1_170' title='bbox 275 2206 367 2284; x_wconf 77' lang='lat' dir='ltr'><strong>quusi</strong></span> <span class='ocrx_word' id='word_1_171' title='bbox 379 2210 434 2264; x_wconf 86' lang='lat' dir='ltr'><strong>out</strong></span> <span class='ocrx_word' id='word_1_172' title='bbox 446 2203 579 2266; x_wconf 84' lang='lat' dir='ltr'><strong>deditum</strong></span> <span class='ocrx_word' id='word_1_173' title='bbox 592 2201 764 2267; x_wconf 82' lang='lat' dir='ltr'><strong>maioridue&#39;</strong></span> <span class='ocrx_word' id='word_1_174' title='bbox 782 2203 848 2263; x_wconf 80' lang='lat' dir='ltr'><strong>suis</strong></span> <span class='ocrx_word' id='word_1_175' title='bbox 869 2211 924 2265; x_wconf 86' lang='lat' dir='ltr'><strong>out</strong></span> <span class='ocrx_word' id='word_1_176' title='bbox 940 2209 1099 2282; x_wconf 81' lang='lat' dir='ltr'><strong>speratum</strong></span> 
     </span>
     <span class='ocr_line' id='line_1_25' title="bbox 103 2286 1097 2369; baseline -0.004 -19"><span class='ocrx_word' id='word_1_177' title='bbox 103 2307 248 2369; x_wconf 85' lang='lat' dir='ltr'><strong>umquem</strong></span> <span class='ocrx_word' id='word_1_178' title='bbox 262 2288 333 2366; x_wconf 79' lang='lat' dir='ltr'><strong>eibi,</strong></span> <span class='ocrx_word' id='word_1_179' title='bbox 350 2296 413 2350; x_wconf 85' lang='lat' dir='ltr'><strong>tom</strong></span> <span class='ocrx_word' id='word_1_180' title='bbox 429 2289 531 2369; x_wconf 80' lang='lat' dir='ltr'><strong>inepte</strong></span> <span class='ocrx_word' id='word_1_181' title='bbox 544 2307 639 2350; x_wconf 78' lang='lat' dir='ltr'><strong>senec</strong></span> <span class='ocrx_word' id='word_1_182' title='bbox 656 2287 859 2367; x_wconf 78' lang='lat' dir='ltr'><strong>concupiscet.</strong></span> <span class='ocrx_word' id='word_1_183' title='bbox 903 2286 948 2348; x_wconf 83' lang='lat' dir='ltr'><strong>Ao</strong></span> <span class='ocrx_word' id='word_1_184' title='bbox 963 2306 999 2347; x_wconf 92' lang='lat' dir='ltr'><strong>ne</strong></span> <span class='ocrx_word' id='word_1_185' title='bbox 1011 2287 1097 2347; x_wconf 91' lang='lat' dir='ltr'><strong>tribu-</strong></span> 
     </span>
    </p>

    <p class='ocr_par' dir='ltr' id='par_1_6' title="bbox 70 2372 1098 2604">
     <span class='ocr_line' id='line_1_26' title="bbox 70 2372 1098 2453; baseline -0.004 -17"><span class='ocrx_word' id='word_1_186' title='bbox 70 2374 209 2436; x_wconf 81' lang='lat' dir='ltr'><strong>aaniciam</strong></span> <span class='ocrx_word' id='word_1_187' title='bbox 225 2373 339 2452; x_wconf 87' lang='lat' dir='ltr'><strong>quidem</strong></span> <span class='ocrx_word' id='word_1_188' title='bbox 355 2383 530 2453; x_wconf 91' lang='lat' dir='ltr'><strong>potestatem</strong></span> <span class='ocrx_word' id='word_1_189' title='bbox 541 2375 559 2411; x_wconf 82' lang='grc'>*</span> <span class='ocrx_word' id='word_1_190' title='bbox 574 2375 663 2453; x_wconf 89' lang='lat' dir='ltr'><strong>patris</strong></span> <span class='ocrx_word' id='word_1_191' title='bbox 683 2374 792 2453; x_wconf 89' lang='lat' dir='ltr'><strong>patriae</strong></span> <span class='ocrx_word' id='word_1_192' title='bbox 808 2372 1033 2452; x_wconf 88' lang='lat' dir='ltr'><strong>appellationem</strong></span> <span class='ocrx_word' id='word_1_193' title='bbox 1045 2373 1098 2433; x_wconf 89' lang='lat' dir='ltr'><strong>uisi</strong></span> 
     </span>
     <span class='ocr_line' id='line_1_27' title="bbox 106 2456 1097 2538; baseline -0.002 -18"><span class='ocrx_word' id='word_1_194' title='bbox 106 2475 175 2520; x_wconf 87' lang='lat' dir='ltr'><strong>sero</strong></span> <span class='ocrx_word' id='word_1_195' title='bbox 191 2460 314 2538; x_wconf 86' lang='lat' dir='ltr'><strong>recepit.</strong></span> <span class='ocrx_word' id='word_1_196' title='bbox 349 2458 421 2520; x_wconf 90' lang='lat' dir='ltr'><strong>Nam</strong></span> <span class='ocrx_word' id='word_1_197' title='bbox 444 2459 680 2520; x_wconf 88' lang='lat' dir='ltr'><strong>consuetudinem</strong></span> <span class='ocrx_word' id='word_1_198' title='bbox 700 2456 846 2518; x_wconf 85' lang='lat' dir='ltr'><strong>scrutandi</strong></span> <span class='ocrx_word' id='word_1_199' title='bbox 868 2457 1025 2519; x_wconf 87' lang='lat' dir='ltr'><strong>salutantes</strong></span> <span class='ocrx_word' id='word_1_200' title='bbox 1040 2477 1097 2518; x_wconf 91' lang='lat' dir='ltr'><strong>ma·</strong></span> 
     </span>
     <span class='ocr_line' id='line_1_28' title="bbox 105 2540 651 2604; baseline 0 -2"><span class='ocrx_word' id='word_1_201' title='bbox 105 2551 192 2603; x_wconf 86' lang='lat' dir='ltr'><strong>nente</strong></span> <span class='ocrx_word' id='word_1_202' title='bbox 208 2540 301 2603; x_wconf 86' lang='lat' dir='ltr'><strong>adhuc</strong></span> <span class='ocrx_word' id='word_1_203' title='bbox 316 2542 395 2603; x_wconf 89' lang='lat' dir='ltr'><strong>bello</strong></span> <span class='ocrx_word' id='word_1_204' title='bbox 411 2543 487 2604; x_wconf 85' lang='lat' dir='ltr'><strong>civili</strong></span> <span class='ocrx_word' id='word_1_205' title='bbox 506 2545 651 2604; x_wconf 88' lang='lat' dir='ltr'><strong>omiserat.</strong></span> 
     </span>
    </p>

    <p class='ocr_par' dir='ltr' id='par_1_7' title="bbox 168 2626 1141 2706">
     <span class='ocr_line' id='line_1_29' title="bbox 168 2626 1141 2706; baseline 0.004 -21"><span class='ocrx_word' id='word_1_206' title='bbox 168 2626 334 2687; x_wconf 81' lang='lat' dir='ltr'><strong>Amicorum</strong></span> <span class='ocrx_word' id='word_1_207' title='bbox 355 2627 531 2706; x_wconf 87' lang='lat' dir='ltr'><strong>libertatern,</strong></span> <span class='ocrx_word' id='word_1_208' title='bbox 554 2627 764 2688; x_wconf 88' lang='lat' dir='ltr'><strong>causidicorum</strong></span> <span class='ocrx_word' id='word_1_209' title='bbox 782 2627 890 2704; x_wconf 87' lang='lat' dir='ltr'><strong>figuras</strong></span> <span class='ocrx_word' id='word_1_210' title='bbox 912 2644 947 2687; x_wconf 92' lang='lat' dir='ltr'><strong>ac</strong></span> <span class='ocrx_word' id='word_1_211' title='bbox 972 2627 1141 2706; x_wconf 79' lang='lat' dir='ltr'><strong>pullusc-13</strong></span> 
     </span>
    </p>

    <p class='ocr_par' dir='ltr' id='par_1_8' title="bbox 105 2709 1099 2791">
     <span class='ocr_line' id='line_1_30' title="bbox 105 2709 1099 2791; baseline -0.003 -20"><span class='ocrx_word' id='word_1_212' title='bbox 105 2712 227 2791; x_wconf 90' lang='lat' dir='ltr'><strong>phorum</strong></span> <span class='ocrx_word' id='word_1_213' title='bbox 252 2713 457 2772; x_wconf 87' lang='lat' dir='ltr'><strong>contumaciam</strong></span> <span class='ocrx_word' id='word_1_214' title='bbox 480 2711 626 2773; x_wconf 87' lang='lat' dir='ltr'><strong>lenissime</strong></span> <span class='ocrx_word' id='word_1_215' title='bbox 659 2712 731 2772; x_wconf 93' lang='lat' dir='ltr'><strong>tulit.</strong></span> <span class='ocrx_word' id='word_1_216' title='bbox 775 2709 911 2771; x_wconf 89' lang='lat' dir='ltr'><strong>Licinium</strong></span> <span class='ocrx_word' id='word_1_217' title='bbox 938 2709 1099 2771; x_wconf 86' lang='lat' dir='ltr'><strong>Mucianum</strong></span> 
     </span>
    </p>

    <p class='ocr_par' dir='ltr' id='par_1_9' title="bbox 68 2794 1100 3214">
     <span class='ocr_line' id='line_1_31' title="bbox 68 2794 1098 2878; baseline -0.002 -23"><span class='ocrx_word' id='word_1_218' title='bbox 68 2806 94 2848; x_wconf 66' lang='grc' dir='ltr'><strong>ιο</strong></span> <span class='ocrx_word' id='word_1_219' title='bbox 106 2804 194 2856; x_wconf 88' lang='lat' dir='ltr'><strong>notae</strong></span> <span class='ocrx_word' id='word_1_220' title='bbox 212 2794 417 2875; x_wconf 85' lang='lat' dir='ltr'><strong>impudicitiae,</strong></span> <span class='ocrx_word' id='word_1_221' title='bbox 435 2796 487 2857; x_wconf 91' lang='lat' dir='ltr'><strong>sed</strong></span> <span class='ocrx_word' id='word_1_222' title='bbox 502 2798 668 2858; x_wconf 88' lang='lat' dir='ltr'><strong>meritorum</strong></span> <span class='ocrx_word' id='word_1_223' title='bbox 685 2796 788 2857; x_wconf 82' lang='lat' dir='ltr'><strong>fiducia</strong></span> <span class='ocrx_word' id='word_1_224' title='bbox 802 2796 893 2855; x_wconf 90' lang='lat' dir='ltr'><strong>minus</strong></span> <span class='ocrx_word' id='word_1_225' title='bbox 905 2796 949 2854; x_wconf 87' lang='lat' dir='ltr'><strong>sui</strong></span> <span class='ocrx_word' id='word_1_226' title='bbox 961 2812 1098 2878; x_wconf 80' lang='lat' dir='ltr'><strong>reueren-</strong></span> 
     </span>
     <span class='ocr_line' id='line_1_32' title="bbox 105 2879 1099 2960; baseline -0.003 -20"><span class='ocrx_word' id='word_1_227' title='bbox 105 2890 179 2956; x_wconf 92' lang='lat' dir='ltr'><strong>tem,</strong></span> <span class='ocrx_word' id='word_1_228' title='bbox 195 2899 346 2960; x_wconf 87' lang='lat' dir='ltr'><strong>numquam</strong></span> <span class='ocrx_word' id='word_1_229' title='bbox 363 2882 418 2940; x_wconf 91' lang='lat' dir='ltr'><strong>nisi</strong></span> <span class='ocrx_word' id='word_1_230' title='bbox 441 2881 514 2942; x_wconf 91' lang='lat' dir='ltr'><strong>clam</strong></span> <span class='ocrx_word' id='word_1_231' title='bbox 535 2890 564 2941; x_wconf 93' lang='lat' dir='ltr'><strong>et</strong></span> <span class='ocrx_word' id='word_1_232' title='bbox 583 2881 723 2942; x_wconf 88' lang='lat' dir='ltr'><strong>hacteuus</strong></span> <span class='ocrx_word' id='word_1_233' title='bbox 744 2889 880 2940; x_wconf 80' lang='lat' dir='ltr'><strong>retaxare·</strong></span> <span class='ocrx_word' id='word_1_234' title='bbox 902 2879 1046 2956; x_wconf 85' lang='lat' dir='ltr'><strong>sustinuit,</strong></span> <span class='ocrx_word' id='word_1_235' title='bbox 1070 2886 1099 2937; x_wconf 89' lang='lat' dir='ltr'><strong>ut</strong></span> 
     </span>
     <span class='ocr_line' id='line_1_33' title="bbox 105 2962 1097 3045; baseline -0.006 -19"><span class='ocrx_word' id='word_1_236' title='bbox 105 2964 182 3044; x_wconf 90' lang='lat' dir='ltr'><strong>apud</strong></span> <span class='ocrx_word' id='word_1_237' title='bbox 200 2983 377 3026; x_wconf 90' lang='lat' dir='ltr'><strong>communem</strong></span> <span class='ocrx_word' id='word_1_238' title='bbox 397 2965 521 3045; x_wconf 88' lang='lat' dir='ltr'><strong>aliquem</strong></span> <span class='ocrx_word' id='word_1_239' title='bbox 543 2966 664 3026; x_wconf 89' lang='lat' dir='ltr'><strong>amicum</strong></span> <span class='ocrx_word' id='word_1_240' title='bbox 686 2983 811 3044; x_wconf 88' lang='lat' dir='ltr'><strong>querens</strong></span> <span class='ocrx_word' id='word_1_241' title='bbox 843 2962 962 3024; x_wconf 89' lang='lat' dir='ltr'><strong>adderet</strong></span> <span class='ocrx_word' id='word_1_242' title='bbox 987 2962 1097 3024; x_wconf 79' lang='lat' dir='ltr'><strong>clausu·</strong></span> 
     </span>
     <span class='ocr_line' id='line_1_34' title="bbox 105 3045 1098 3130; baseline -0.004 -21"><span class='ocrx_word' id='word_1_243' title='bbox 105 3048 178 3110; x_wconf 87' lang='lat' dir='ltr'><strong>lam:</strong></span> <span class='ocrx_word' id='word_1_244' title='bbox 204 3046 272 3130; x_wconf 76' lang='lat' dir='ltr'><strong>Epo</strong></span> <span class='ocrx_word' id='word_1_245' title='bbox 289 3050 450 3111; x_wconf 82' lang='lat' dir='ltr'><strong>tumenoir</strong></span> <span class='ocrx_word' id='word_1_246' title='bbox 461 3068 537 3110; x_wconf 81' lang='lat' dir='ltr'><strong>sunu.</strong></span> <span class='ocrx_word' id='word_1_247' title='bbox 572 3050 699 3112; x_wconf 87' lang='lat' dir='ltr'><strong>Salvium</strong></span> <span class='ocrx_word' id='word_1_248' title='bbox 709 3047 872 3109; x_wconf 87' lang='lat' dir='ltr'><strong>Liberalem</strong></span> <span class='ocrx_word' id='word_1_249' title='bbox 887 3048 916 3105; x_wconf 93' lang='lat' dir='ltr'><strong>in</strong></span> <span class='ocrx_word' id='word_1_250' title='bbox 929 3045 1098 3109; x_wconf 84' lang='lat' dir='ltr'><strong>defensione</strong></span> 
     </span>
     <span class='ocr_line' id='line_1_35' title="bbox 106 3129 1100 3214; baseline -0.003 -22"><span class='ocrx_word' id='word_1_251' title='bbox 106 3133 202 3193; x_wconf 86' lang='lat' dir='ltr'><strong>divitis</strong></span> <span class='ocrx_word' id='word_1_252' title='bbox 216 3135 260 3194; x_wconf 91' lang='lat' dir='ltr'><strong>rei</strong></span> <span class='ocrx_word' id='word_1_253' title='bbox 275 3152 374 3195; x_wconf 89' lang='lat' dir='ltr'><strong>ausum</strong></span> <span class='ocrx_word' id='word_1_254' title='bbox 387 3135 502 3195; x_wconf 89' lang='lat' dir='ltr'><strong>dicere:</strong></span> <span class='ocrx_word' id='word_1_255' title='bbox 519 3134 594 3214; x_wconf 71' lang='lat' dir='ltr'><strong>quid</strong></span> <span class='ocrx_word' id='word_1_256' title='bbox 605 3135 649 3194; x_wconf 85' lang='lat' dir='ltr'><strong>ud</strong></span> <span class='ocrx_word' id='word_1_257' title='bbox 660 3132 839 3210; x_wconf 65' lang='lat' dir='ltr'><strong>Cameren,</strong></span> <span class='ocrx_word' id='word_1_258' title='bbox 856 3131 886 3192; x_wconf 82' lang='lat' dir='ltr'><strong>si</strong></span> <span class='ocrx_word' id='word_1_259' title='bbox 898 3129 1100 3211; x_wconf 76' lang='lat' dir='ltr'><strong>Hipparchus</strong></span> 
     </span>
    </p>
   </div>
   <div class='ocr_carea' id='block_1_3' title="bbox 10 3214 1101 3554">
    <p class='ocr_par' dir='ltr' id='par_1_10' title="bbox 10 3214 1101 3554">
     <span class='ocr_line' id='line_1_36' title="bbox 69 3214 1098 3298; baseline -0.004 -19"><span class='ocrx_word' id='word_1_260' title='bbox 69 3218 280 3279; x_wconf 76' lang='lat' dir='ltr'><strong>³⁵eeetertium</strong></span> <span class='ocrx_word' id='word_1_261' title='bbox 295 3218 394 3280; x_wconf 80' lang='lat' dir='ltr'><strong>milies</strong></span> <span class='ocrx_word' id='word_1_262' title='bbox 412 3217 526 3280; x_wconf 76' lang='lat' dir='ltr'><strong>trudet?</strong></span> <span class='ocrx_word' id='word_1_263' title='bbox 546 3229 575 3279; x_wconf 91' lang='lat' dir='ltr'><strong>et</strong></span> <span class='ocrx_word' id='word_1_264' title='bbox 596 3221 660 3298; x_wconf 85' lang='lat' dir='ltr'><strong>ipse</strong></span> <span class='ocrx_word' id='word_1_265' title='bbox 681 3217 816 3279; x_wconf 87' lang='lat' dir='ltr'><strong>laudavit.</strong></span> <span class='ocrx_word' id='word_1_266' title='bbox 844 3215 1020 3277; x_wconf 83' lang='lat' dir='ltr'><strong>Demetrium</strong></span> <span class='ocrx_word' id='word_1_267' title='bbox 1043 3214 1098 3290; x_wconf 74' lang='lat' dir='ltr'><strong>cy-</strong></span> 
     </span>
     <span class='ocr_line' id='line_1_37' title="bbox 105 3301 1099 3383; baseline -0.003 -22"><span class='ocrx_word' id='word_1_268' title='bbox 105 3302 202 3362; x_wconf 91' lang='lat' dir='ltr'><strong>nicum</strong></span> <span class='ocrx_word' id='word_1_269' title='bbox 224 3303 253 3362; x_wconf 92' lang='lat' dir='ltr'><strong>in</strong></span> <span class='ocrx_word' id='word_1_270' title='bbox 271 3305 374 3364; x_wconf 87' lang='lat' dir='ltr'><strong>itinere</strong></span> <span class='ocrx_word' id='word_1_271' title='bbox 396 3303 510 3364; x_wconf 83' lang='lat' dir='ltr'><strong>obuium</strong></span> <span class='ocrx_word' id='word_1_272' title='bbox 537 3304 592 3364; x_wconf 89' lang='lat' dir='ltr'><strong>sihi</strong></span> <span class='ocrx_word' id='word_1_273' title='bbox 613 3313 680 3383; x_wconf 87' lang='lat' dir='ltr'><strong>post</strong></span> <span class='ocrx_word' id='word_1_274' title='bbox 705 3301 932 3379; x_wconf 89' lang='lat' dir='ltr'><strong>damnationem,</strong></span> <span class='ocrx_word' id='word_1_275' title='bbox 955 3319 990 3362; x_wconf 92' lang='lat' dir='ltr'><strong>ac</strong></span> <span class='ocrx_word' id='word_1_276' title='bbox 1004 3319 1099 3381; x_wconf 91' lang='lat' dir='ltr'><strong>neque</strong></span> 
     </span>
     <span class='ocr_line' id='line_1_38' title="bbox 107 3385 1101 3468; baseline -0.007 -19"><span class='ocrx_word' id='word_1_277' title='bbox 107 3404 262 3464; x_wconf 85' lang='lat' dir='ltr'><strong>assurgere</strong></span> <span class='ocrx_word' id='word_1_278' title='bbox 283 3407 378 3468; x_wconf 90' lang='lat' dir='ltr'><strong>neque</strong></span> <span class='ocrx_word' id='word_1_279' title='bbox 400 3387 526 3449; x_wconf 86' lang='lat' dir='ltr'><strong>salutare</strong></span> <span class='ocrx_word' id='word_1_280' title='bbox 547 3407 579 3448; x_wconf 89' lang='lat' dir='ltr'><strong>se</strong></span> <span class='ocrx_word' id='word_1_281' title='bbox 600 3388 778 3466; x_wconf 88' lang='lat' dir='ltr'><strong>dignantem,</strong></span> <span class='ocrx_word' id='word_1_282' title='bbox 801 3385 991 3448; x_wconf 85' lang='lat' dir='ltr'><strong>oblatrantem</strong></span> <span class='ocrx_word' id='word_1_283' title='bbox 1014 3387 1101 3447; x_wconf 90' lang='lat' dir='ltr'><strong>etiam</strong></span> 
     </span>
     <span class='ocr_line' id='line_1_39' title="bbox 10 3471 825 3554; baseline 0.001 -23"><span class='ocrx_word' id='word_1_284' title='bbox 10 3539 15 3552; x_wconf 45' lang='lat'><strong>,</strong></span> <span class='ocrx_word' id='word_1_285' title='bbox 106 3471 212 3533; x_wconf 85' lang='lat' dir='ltr'><strong>nescio</strong></span> <span class='ocrx_word' id='word_1_286' title='bbox 227 3471 305 3552; x_wconf 90' lang='lat' dir='ltr'><strong>quid,</strong></span> <span class='ocrx_word' id='word_1_287' title='bbox 325 3474 395 3534; x_wconf 88' lang='lat' dir='ltr'><strong>satis</strong></span> <span class='ocrx_word' id='word_1_288' title='bbox 412 3471 510 3533; x_wconf 87' lang='lat' dir='ltr'><strong>habuit</strong></span> <span class='ocrx_word' id='word_1_289' title='bbox 526 3489 650 3534; x_wconf 90' lang='lat' dir='ltr'><strong>canem</strong></span> <span class='ocrx_word' id='word_1_290' title='bbox 665 3471 825 3554; x_wconf 91' lang='lat' dir='ltr'><strong>appellare.</strong></span> 
     </span>
    </p>
   </div>
   <div class='ocr_carea' id='block_1_4' title="bbox 0 0 1230 3910">
    <p class='ocr_par' dir='ltr' id='par_1_11' title="bbox 0 0 1230 3910">
     <span class='ocr_line' id='line_1_40' title="bbox 0 0 1230 3910; baseline 0 0"><span class='ocrx_word' id='word_1_291' title='bbox 0 0 1230 3910; x_wconf 95' lang='lat' dir='ltr'><strong> </strong></span> 
     </span>
    </p>
   </div>
  </div>
 </body>
</html>
