2434 3908
187 219 252 266 v111
525 217 730 266 PRAEFATIO.

185 365 343 454 φιλόλογον
357 385 454 453 pilo,
464 385 610 448 6·,303,15
622 376 731 436 Graeci.
754 377 853 433 Libros
869 395 923 436 non
938 385 1001 438 ante
1018 396 1087 451 qua-

186 463 371 534 dragesimum
386 463 485 519 aetatis
499 478 597 518 annum
614 462 716 531 edidit,
730 461 781 517 sed
791 461 892 519 dudum
903 463 1029 519 seribere
1043 465 1087 518 in-

186 546 315 604 stituerat
339 547 453 603 libellos
475 547 607 619 quosdam
628 563 643 602 a
664 544 754 603 Plinio
776 546 920 605 admodum
942 546 1087 604 desidera-
1199 575 1204 615 q

106 664 108 668 ·
186 637 246 693 tos:
262 631 309 702 qui
326 630 463 687 fuerintne
479 630 514 686 de
527 629 600 685 Viris
614 629 769 685 illustribus
784 646 818 685 an
828 630 875 685 alii
889 646 942 687 non
953 631 1087 702 deumne,

186 721 264 770 uerte
279 715 314 771 de
329 714 386 772 vita
403 713 550 770 caesarum
565 713 707 785 aliquanto
721 720 786 785 post
799 713 894 769 edidit.

247 797 336 855 Plinio
360 805 468 854 mortuo
489 797 663 869 Tranquillus
687 797 723 852 ad
744 795 773 852 Ο.
802 796 963 870 Septioii
987 797 1086 854 Glari

187 881 334 939 amleitiam
349 889 431 954 atque
447 882 539 937 officia
554 881 673 950 transiit,
689 880 734 937 oui
749 879 920 953 iampridem
932 887 962 936 ut
977 881 1086 938 amieis-

186 966 256 1022 simo
277 965 358 1023 Plinii
383 981 464 1021 oarus
485 982 549 1021 esse
566 964 670 1020 debuit.
714 965 741 1020 ls
765 980 837 1021 anno
855 971 906 1025 119
927 965 1087 1037 praelectus

185 1049 329 1123 praetorio
355 1050 443 1106 laetus
464 1048 650 1122 Tranquillum
673 1048 712 1104 ita
732 1049 899 1121 promeritus
919 1055 979 1120 est,
998 1055 1030 1104 nt
1052 1051 1087 1106 de

185 1133 243 1189 vita
259 1132 408 1190 Caesarum
429 1134 519 1189 libros
536 1131 599 1188 vltl
620 1131 647 1186 ei
661 1132 784 1187 mitteret
802 1149 830 1203 p.
844 1138 913 1203 286,
927 1139 960 1197 33
984 1133 1087 1205 quippo

188 1216 313 1290 Septicio
343 1218 460 1273 maxime
488 1215 680 1272 intercedente
706 1215 808 1272 laetum
835 1233 900 1276 esse
922 1216 1034 1273 ridetur
1057 1222 1088 1271 ut
1157 1257 1161 1268 .

188 1302 426 1374 epistularum
442 1299 689 1370 magisterium
703 1299 839 1370 simulque
853 1316 908 1356 non
920 1301 1087 1357 mediocrem

187 1387 295 1457 gratim
310 1385 402 1442 loeum
417 1385 490 1457 apud
504 1383 671 1440 Hadrianum
686 1383 841 1456 prinoipem
854 1402 882 1456 p.
899 1390 949 1452 40,
963 1389 998 1441 22
1015 1384 1088 1440 obti-

187 1476 284 1538 neret,
305 1471 378 1525 unde
400 1485 465 1524 mox
486 1484 538 1524 una
562 1483 622 1522 oum
642 1467 730 1523 amieo
751 1462 876 1523 deiectus
897 1473 949 1522 est.
993 1468 1088 1523 Refert

187 1553 260 1608 enim
272 1551 435 1624 Spartianus
450 1568 510 1622 oep.
524 1558 567 1620 lt,
580 1550 746 1607 Hadrianum
762 1551 940 1620 eBritennia,
954 1551 1002 1608 ubi
1016 1566 1088 1607 auno

75 1635 79 1644 '
188 1641 236 1693 121
254 1651 330 1690 muro
344 1653 396 1707 per
407 1635 501 1690 LXXX
517 1634 591 1689 milia
605 1650 734 1705 passuum
750 1634 876 1690 duoando
891 1633 1012 1691 intentus
1027 1635 1088 1690 lue-

187 1719 240 1789 rit,
263 1719 390 1790 Septicio
406 1718 488 1775 ctare
501 1718 647 1790 praeleato
659 1717 796 1790 'praetorii
811 1724 838 1772 et
853 1718 986 1774 Suetonio
1003 1718 1085 1773 Tran-

103 1869 108 1882 ·
187 1803 276 1875 quillo
298 1799 477 1875 epistularum
501 1801 635 1872 magistro
658 1800 806 1870 multisque
830 1801 911 1870 aliis,
931 1818 1001 1872 quos
1015 1800 1089 1874 apud

187 1887 319 1954 Sabinam
339 1903 455 1942 uxorem
477 1886 584 1940 iniussu
603 1900 654 1940 suo
676 1883 840 1940 lamiliarius
858 1901 891 1939 se
913 1889 976 1940 tuno
993 1885 1089 1956 egisse

188 1975 357 2041 cognosset,
382 1986 463 2042 quam
488 1968 646 2026 reverentia
666 1968 762 2024 domus
787 1968 895 2024 aulioae
923 1969 1088 2040 postularet,

187 2069 367 2111 suceessores
384 2054 505 2110 dedisse.
549 2053 687 2109 llorosam
706 2051 823 2107 enimet
842 2068 969 2124 asperam
991 2051 1089 2108 mutie-

186 2154 245 2194 rem
261 2153 391 2210 perosus,
407 2137 471 2210 quia
484 2137 622 2194 dimittere
636 2135 765 2210 prinoipe
779 2153 811 2191 se
825 2152 880 2192 non
894 2135 963 2191 satis
977 2136 1089 2206 dignum

187 2221 378 2293 existimabat,
403 2229 431 2277 et
453 2222 526 2278 omni
551 2227 746 2276 extraneorum
764 2226 846 2275 eoetu
870 2211 1013 2291 prohibuit
1036 2233 1089 2272 neo

186 2311 275 2361 umen
293 2305 449 2376 despieatui
464 2323 527 2362 esse
544 2304 643 2360 aulieis
661 2319 761 2376 passus
777 2308 829 2360 est.
868 2303 1018 2359 Suetonius
1033 2316 1088 2372 quo

140 2381 147 2396 '
186 2394 311 2459 tempore
325 2389 397 2443 hano
408 2390 586 2446 acerbitatem
599 2387 735 2461 principis
751 2393 883 2458 expertus
899 2393 942 2442 est
955 2386 1090 2457 quinqua-

185 2471 318 2543 genarius
345 2471 415 2540 luit,
442 2472 573 2542 vitaeque
596 2471 670 2542 quod
695 2469 750 2525 luit
774 2470 911 2542 reliquum
935 2470 1089 2525 litterarum

185 2555 279 2612 studio
295 2555 564 2626 oonsoribendisque
580 2554 661 2609 libris
677 2554 790 2610 dedisse
805 2554 925 2610 ridetur.

246 2637 431 2693 Nouissimam
445 2638 503 2694 vivi
517 2639 684 2694 mentionem
695 2637 795 2693 laetam
810 2637 895 2694 rideo
907 2655 923 2693 a
933 2638 969 2694 lt.
979 2638 1090 2692 Iron-

185 2728 269 2777 tona
284 2721 313 2776 in
332 2721 452 2794 epistula
467 2722 501 2778 ad
513 2723 548 2776 ll.
561 2721 705 2778 Aurelium
720 2721 925 2778 adulescentem
941 2721 1015 2791 data,
1031 2720 1090 2776 edi-

185 2805 272 2862 tionis
283 2804 501 2862 llediolanensis
517 2824 543 2878 p.
556 2813 617 2867 103.
634 2806 769 2860 Romanae
786 2823 812 2877 p.
826 2810 886 2875 174,
900 2803 1090 2861 Berolinensis

186 2907 213 2962 p.
231 2894 274 2948 16.
309 2888 375 2944 Eam
394 2890 540 2960 epistulam
554 2887 702 2961 postremis
717 2889 848 2945 lladriani
865 2889 943 2944 annis
960 2888 1090 2960 seriptum

189 2973 286 3029 statuit
302 2971 482 3044 Niebuhrius,
498 2974 618 3029 tortasse
633 2973 737 3028 reotius
752 2971 850 3044 primis
866 2973 905 3027 Pii
919 2971 1091 3045 temporibus

189 3056 342 3112 tribuisset.
387 3056 449 3111 Fuit
463 3057 574 3128 quidem
590 3056 692 3113 vetusti
714 3056 821 3112 oodieis
835 3057 938 3129 pagina
953 3054 1002 3111 illa
1021 3055 1092 3111 adeo

189 3138 368 3210 oblitterata,
383 3143 414 3195 ut
427 3157 515 3213 panea
529 3140 588 3212 legi
602 3140 745 3213 potuerint
759 3156 847 3210 eaque
861 3156 957 3212 parum
972 3140 1046 3195 inter
1060 3154 1092 3193 ae

191 3224 379 3280 cohaerentia.
423 3225 525 3280 Verum
542 3242 602 3280 eum
617 3225 704 3297 verpa
722 3230 821 3297 reputo
842 3217 1030 3295 *Tranquilli
1048 3224 1093 3276 in-

104 3359 112 3376 ,
189 3307 325 3368 numae.
345 3310 394 3380 qui
405 3310 460 3362 nest
470 3311 555 3364 sciret
565 3313 666 3380 quanto
682 3322 767 3378 opere
780 3322 823 3362 me
837 3309 978 3380 ditique,
997 3307 1092 3362 volua-

190 3391 292 3445 turiam
308 3390 361 3444 lroe
376 3395 510 3463 nepotiana
522 3392 574 3448 salet
585 3407 733 3462 numqaum
746 3394 908 3463 ecepetrsset,
923 3391 1044 3462 itemque
1059 3405 1092 3446 ea

77 3467 79 3472 ’
190 3489 262 3546 quae
278 3475 450 3547 praeeeduut
462 3475 571 3534 Inveni!
585 3481 674 3530 uuum
688 3489 731 3530 me
748 3475 939 3548 Praepetibus,
960 3491 1022 3531 mem
1035 3471 1092 3545 sri-
