2450 3910
147 355 205 416 190
236 365 265 415 c.
280 365 429 414 sunrour
446 363 571 422 nunno.
587 363 634 408 nn
649 362 733 408 vrrs
748 359 931 408 cansarum
946 359 1012 404 nnn.
1027 355 1073 404 vr.

144 523 219 583 ullos
235 523 375 584 leniorem
392 537 475 599 quam
490 520 537 597 qui
552 535 584 578 se
601 517 683 577 dictis
699 525 746 578 aut
763 515 934 576 carminibus
949 514 1138 574 lacessissent

145 608 283 706 extitisse.
324 605 412 749 llllulta
437 603 549 664 Graece
573 601 731 681 latineque
758 603 922 680 proscripta
948 607 995 658 aut
1022 597 1139 676 vulgata

145 699 224 767 sunt,
241 699 333 750 sicuti
359 708 389 748 a:

259 821 376 901 Νέρων
388 813 522 904 Ὀρέστης
533 815 682 900 Ἀλκμέων
697 811 900 898 μητροκτόνος.

270 941 573 1036 ΝεόννμφονῘΝέρων
588 956 666 1016 ἰδίαν
681 953 790 1034 μητέρα
805 945 964 1014 ἀπέκτεινε.

228 1096 296 1166 Qur's
310 1104 392 1170 nepot
406 1096 515 1152 Aeneae
529 1089 646 1180 unoquoq
661 1097 695 1151 de
708 1098 794 1166 stirpe
809 1095 964 1150 Neronem?

270 1181 385 1238 Sustulit
397 1181 441 1236 hic
456 1186 582 1245 matrem,
599 1182 709 1236 sustulit
719 1181 764 1234 itte
775 1185 894 1250 putrem.

227 1317 300 1375 Dum
316 1317 398 1372 teudit
412 1315 548 1371 citharam
564 1325 671 1384 noster,
687 1316 753 1371 dum
768 1330 874 1370 cornua
888 1313 1019 1382 Parthus,

268 1402 368 1458 Noster
381 1403 433 1455 erit
444 1397 556 1468 Pueau,
571 1401 616 1456 ille
629 1399 838 1457 Hecatebeletes.

229 1536 318 1592 Romu
332 1537 427 1591 domus
438 1537 497 1610 fiet:
519 1535 598 1591 Veios
613 1537 740 1608 miqrctc,
757 1533 887 1602 Quirites,
1152 1547 1176 1587 rc

271 1619 303 1675 Si
317 1626 414 1674 uocet
433 1618 511 1674 Veios
527 1627 644 1692 occupat
657 1623 707 1675 istu
725 1620 829 1674 domuc.

146 1749 204 1810 Sed
226 1767 319 1826 neque
337 1758 471 1808 auctores
490 1752 621 1827 requisiit
643 1759 672 1810 et
692 1748 830 1828 quosdam
854 1769 908 1828 pcr
925 1749 1046 1808 indicem
1060 1747 1138 1807 dela·

145 1846 191 1895 tos
214 1832 248 1893 ad
271 1842 399 1892 senatum
420 1831 503 1892 adlici
524 1836 661 1911 graviore
682 1852 776 1912 poena
795 1833 948 1912 prohibuit.
978 1833 1138 1892 Transeun-

146 1929 203 1978 tem
217 1935 280 1976 eum
295 1916 421 1976 Isidorus
437 1915 562 1993 Cynicus
577 1920 605 1978 iu
622 1918 739 1997 publico
762 1919 839 1978 clera
856 1936 930 1978 voce
948 1919 1138 1995 corripuerat,

146 2000 229 2082 quod
243 1999 361 2079 Naupli
377 2001 462 2062 mulo
478 2000 552 2062 dene
567 2003 746 2078 cantitaret,
764 2019 824 2062 suu
840 2001 923 2064 boue
936 2002 1017 2062 mule
1032 2000 1137 2078 dispo·
1151 2017 1175 2058 rr

145 2091 252 2156 ueret,·
269 2094 298 2146 et
311 2085 400 2145 Datus
413 2086 610 2146 Atellanarum
625 2087 726 2148 histrio
743 2090 771 2146 in
788 2090 900 2148 cantico
919 2087 1042 2165 quodam
1052 2068 1139 2164 ‘Tyr'-

146 2189 218 2231 αινε
235 2161 355 2250 πάτερ,
377 2157 508 2250 ὑγίαινε
522 2167 643 2251 μῆτερ]
664 2173 703 2231 ita
716 2171 981 2248 demonstraverat,
997 2180 1026 2231 ut
1040 2169 1139 2230 hiben-

145 2266 203 2316 tem
216 2264 418 2333 natantemque
433 2255 561 2331 iaceret,
581 2257 686 2316 exitum
701 2255 815 2316 scilicet
831 2254 931 2317 Claudi
945 2255 1139 2333 Agrippinae-

147 2357 202 2418 que
218 2340 400 2416 significans,
422 2347 451 2398 et
472 2341 500 2398 in
521 2341 677 2402 ncv'issima
693 2340 821 2402 clausula
838 2337 939 2402 Orneus
953 2338 1042 2400 cobis
1057 2339 1143 2401 ducit

144 2422 389 2501 potesaenarum
409 2431 494 2499 gestu
516 2433 637 2485 notarat.
679 2423 855 2484 Histrionem
881 2433 910 2484 et
935 2423 1177 2504 philosophante

146 2507 224 2566 Nero
242 2506 312 2566 nihil
329 2506 450 2584 emplius
467 2524 551 2584 quam
571 2508 643 2568 urbe
658 2508 796 2586 Italiaque
817 2511 983 2586 summovit,
1005 2509 1054 2568 vel
1071 2527 1140 2570 con-

147 2598 256 2688 temptu
273 2591 362 2650 omnis
384 2589 516 2650 infamiae
537 2593 583 2652 vel
602 2611 638 2652 ne
654 2593 771 2653 latendo
796 2593 926 2654 dolorem
952 2594 1078 2653 irritaret
1099 2594 1140 2652 in-

147 2689 242 2752 genia.
341 2723 342 2726 ,
822 2695 825 2702 ⁴

1 2746 4 2828 ἰ
109 2765 139 2818 to
208 2757 307 2818 l’alem
324 2759 482 2838 principem
499 2760 693 2837 paulominus
715 2761 942 2840 quattuordecim
964 2778 1053 2821 annos
1075 2778 1142 2838 per·

89 2855 90 2858 ’
147 2860 252 2922 pessus
273 2851 412 2902 terrarum
433 2843 513 2903 urhis
534 2844 647 2904 tandem
670 2845 811 2924 destituit,
837 2848 944 2907 initium
967 2844 1178 2908 iacientibuses

148 2926 236 2987 Gallis
254 2926 326 2986 duce
340 2925 412 2988 lulio
429 2928 562 3006 Vindice,
579 2931 625 3008 qui
644 2939 778 2990 tumeam
795 2932 972 3009 provinciam
987 2947 1041 3010 pro
1058 2947 1142 3007 prae-

147 3021 211 3072 tore
226 3011 382 3090 optinebat.

207 3095 385 3156 Praedictum
410 3114 425 3155 a
451 3096 657 3159 mathematicis
678 3098 789 3158 Neroni
810 3100 877 3160 olim
899 3108 976 3176 erat,
1003 3099 1085 3174 iore,
1111 3105 1144 3155 ut

148 3179 318 3259 quandoque
345 3180 560 3251 destitueretur;
591 3182 665 3243 unde
691 3181 740 3243 illa
765 3201 824 3244 vox
850 3184 911 3243 eius
935 3182 1141 3243 celeberrima:

153 3251 198 3322 Τὸ
210 3257 339 3340 τέχνιον
354 3251 439 3343 ἡμᾶς
453 3260 640 3344 unucuique,
658 3283 714 3344 quo
730 3269 837 3328 maiore
856 3268 968 3328 scilicet
984 3268 1067 3327 venia
1082 3282 1142 3324 me·
1152 3282 1179 3324 sc

151 3343 285 3404 ditaretur
302 3347 523 3409 citharoedicam
540 3358 647 3426 artem,
672 3351 795 3430 principi
811 3352 865 3412 sihi
883 3361 1009 3429 gratam,
1028 3353 1142 3429 privetu

149 3431 350 3488 necessariam.
379 3433 603 3511 spoponderunt
618 3442 711 3494 tamen
732 3435 844 3514 quidam
866 3435 1002 3496 destituto
1017 3434 1143 3495 Orientis

152 3507 389 3591 dominationem,
409 3517 537 3575 nonnulli
557 3519 718 3577 nominatim
731 3538 851 3597 regnum
865 3519 1144 3595 Hierosolymorum,

152 3591 251 3668 plnres
273 3596 363 3654 omnis
384 3598 520 3674 pristinae
534 3599 666 3660 fortunae
681 3605 897 3664 restitutionem.
929 3603 980 3664 Cui
996 3605 1059 3686 spei
1075 3619 1144 3684 prc-
