<?xml version="1.0" encoding="UTF-8"?>
<!DOCTYPE html PUBLIC "-//W3C//DTD XHTML 1.0 Transitional//EN"
    "http://www.w3.org/TR/xhtml1/DTD/xhtml1-transitional.dtd">
<html xmlns="http://www.w3.org/1999/xhtml" xml:lang="en" lang="en">
 <head>
  <title>
</title>
<meta http-equiv="Content-Type" content="text/html;charset=utf-8" />
  <meta name='ocr-system' content='tesseract 3.04.00' />
  <meta name='ocr-capabilities' content='ocr_page ocr_carea ocr_par ocr_line ocrx_word'/>
</head>
<body>
  <div class='ocr_page' id='page_1' title='image "./csuetonitranqui00suetgoog_0271.png"; bbox 0 0 2466 3896; ppageno 0'>
   <div class='ocr_carea' id='block_1_1' title="bbox 131 203 1058 274">
    <p class='ocr_par' dir='ltr' id='par_1_1' title="bbox 131 203 1058 274">
     <span class='ocr_line' id='line_1_1' title="bbox 131 203 1058 274; baseline -0.005 -7"><span class='ocrx_word' id='word_1_1' title='bbox 131 203 189 267; x_wconf 85' lang='lat'><strong>158</strong></span> <span class='ocrx_word' id='word_1_2' title='bbox 218 218 247 268; x_wconf 93' lang='lat' dir='ltr'><strong>c.</strong></span> <span class='ocrx_word' id='word_1_3' title='bbox 264 215 414 266; x_wconf 74' lang='lat' dir='ltr'><strong>sacroru</strong></span> <span class='ocrx_word' id='word_1_4' title='bbox 432 216 559 274; x_wconf 76' lang='lat' dir='ltr'><strong>roano.</strong></span> <span class='ocrx_word' id='word_1_5' title='bbox 575 216 623 262; x_wconf 85' lang='lat' dir='ltr'><strong>on</strong></span> <span class='ocrx_word' id='word_1_6' title='bbox 638 216 720 263; x_wconf 78' lang='lat' dir='ltr'><strong>vrrs</strong></span> <span class='ocrx_word' id='word_1_7' title='bbox 743 215 926 264; x_wconf 76' lang='lat' dir='ltr'><strong>cassanum</strong></span> <span class='ocrx_word' id='word_1_8' title='bbox 941 216 1010 262; x_wconf 77' lang='lat' dir='ltr'><strong>ers.</strong></span> <span class='ocrx_word' id='word_1_9' title='bbox 1025 217 1058 262; x_wconf 81' lang='lat' dir='ltr'><strong>u.</strong></span> 
     </span>
    </p>
   </div>
   <div class='ocr_carea' id='block_1_2' title="bbox 13 371 1219 3486">
    <p class='ocr_par' dir='ltr' id='par_1_2' title="bbox 13 371 1219 3486">
     <span class='ocr_line' id='line_1_2' title="bbox 130 371 1126 452; baseline 0 -21"><span class='ocrx_word' id='word_1_10' title='bbox 130 390 242 452; x_wconf 85' lang='lat' dir='ltr'><strong>perque</strong></span> <span class='ocrx_word' id='word_1_11' title='bbox 269 372 391 432; x_wconf 92' lang='lat' dir='ltr'><strong>mediam</strong></span> <span class='ocrx_word' id='word_1_12' title='bbox 419 389 551 448; x_wconf 86' lang='lat' dir='ltr'><strong>caveam,</strong></span> <span class='ocrx_word' id='word_1_13' title='bbox 580 371 747 432; x_wconf 80' lang='lat' dir='ltr'>sedentibus</span> <span class='ocrx_word' id='word_1_14' title='bbox 774 389 809 431; x_wconf 87' lang='lat' dir='ltr'><strong>ac</strong></span> <span class='ocrx_word' id='word_1_15' title='bbox 831 371 981 431; x_wconf 82' lang='lat' dir='ltr'><strong>silentibus</strong></span> <span class='ocrx_word' id='word_1_16' title='bbox 1006 373 1126 449; x_wconf 87' lang='lat' dir='ltr'><strong>cunctis,</strong></span> 
     </span>
     <span class='ocr_line' id='line_1_3' title="bbox 41 455 1126 550; baseline -0.001 -34"><span class='ocrx_word' id='word_1_17' title='bbox 41 526 62 549; x_wconf 33' lang='grc' dir='ltr'><strong>,Ρ</strong></span> <span class='ocrx_word' id='word_1_18' title='bbox 71 456 341 550; x_wconf 42' lang='grc' dir='ltr'><strong>θήῃ(1(’,εοεηάἰεεει</strong></span> <span class='ocrx_word' id='word_1_19' title='bbox 388 455 471 515; x_wconf 86' lang='lat' dir='ltr'><strong>Fecit</strong></span> <span class='ocrx_word' id='word_1_20' title='bbox 500 465 529 515; x_wconf 91' lang='lat' dir='ltr'><strong>et</strong></span> <span class='ocrx_word' id='word_1_21' title='bbox 559 455 748 531; x_wconf 82' lang='lat' dir='ltr'>Saeculares,</span> <span class='ocrx_word' id='word_1_22' title='bbox 782 457 864 534; x_wconf 82' lang='lat' dir='ltr'><strong>quasi</strong></span> <span class='ocrx_word' id='word_1_23' title='bbox 889 456 1063 534; x_wconf 77' lang='lat' dir='ltr'><strong>anticipatos</strong></span> <span class='ocrx_word' id='word_1_24' title='bbox 1090 456 1126 516; x_wconf 92' lang='lat' dir='ltr'><strong>ab</strong></span> 
     </span>
     <span class='ocr_line' id='line_1_4' title="bbox 33 540 1127 619; baseline -0.003 -18"><span class='ocrx_word' id='word_1_25' title='bbox 33 544 59 578; x_wconf 62' lang='lat'><strong>³¹</strong></span> <span class='ocrx_word' id='word_1_26' title='bbox 130 541 265 619; x_wconf 85' lang='lat' dir='ltr'><strong>Augusto</strong></span> <span class='ocrx_word' id='word_1_27' title='bbox 280 559 335 600; x_wconf 90' lang='lat' dir='ltr'><strong>nec</strong></span> <span class='ocrx_word' id='word_1_28' title='bbox 361 541 491 617; x_wconf 90' lang='lat' dir='ltr'><strong>legitimo</strong></span> <span class='ocrx_word' id='word_1_29' title='bbox 512 540 636 618; x_wconf 86' lang='lat' dir='ltr'><strong>tempori</strong></span> <span class='ocrx_word' id='word_1_30' title='bbox 658 549 839 616; x_wconf 89' lang='lat' dir='ltr'><strong>reservatos,</strong></span> <span class='ocrx_word' id='word_1_31' title='bbox 861 542 990 618; x_wconf 89' lang='lat' dir='ltr'><strong>quamvis</strong></span> <span class='ocrx_word' id='word_1_32' title='bbox 1012 541 1127 619; x_wconf 89' lang='lat' dir='ltr'><strong>ipsein</strong></span> 
     </span>
     <span class='ocr_line' id='line_1_5' title="bbox 39 587 1219 703; baseline -0.005 -19"><span class='ocrx_word' id='word_1_33' title='bbox 39 587 71 650; x_wconf 48' lang='lat' dir='ltr'><strong>*l</strong></span> <span class='ocrx_word' id='word_1_34' title='bbox 130 625 260 685; x_wconf 89' lang='lat' dir='ltr'><strong>historiis</strong></span> <span class='ocrx_word' id='word_1_35' title='bbox 276 627 334 685; x_wconf 93' lang='lat' dir='ltr'><strong>suis</strong></span> <span class='ocrx_word' id='word_1_36' title='bbox 350 623 469 703; x_wconf 89' lang='lat' dir='ltr'><strong>prodat,</strong></span> <span class='ocrx_word' id='word_1_37' title='bbox 491 625 670 685; x_wconf 91' lang='lat' dir='ltr'><strong>intermissos</strong></span> <span class='ocrx_word' id='word_1_38' title='bbox 692 641 745 683; x_wconf 91' lang='lat' dir='ltr'><strong>eos</strong></span> <span class='ocrx_word' id='word_1_39' title='bbox 759 623 920 700; x_wconf 83' lang='lat' dir='ltr'><strong>Augustum</strong></span> <span class='ocrx_word' id='word_1_40' title='bbox 940 623 1029 684; x_wconf 94' lang='lat' dir='ltr'><strong>multo</strong></span> <span class='ocrx_word' id='word_1_41' title='bbox 1048 633 1125 702; x_wconf 89' lang='lat' dir='ltr'><strong>post,</strong></span> <span class='ocrx_word' id='word_1_42' title='bbox 1215 638 1219 678; x_wconf 80' lang='lat' dir='ltr'><strong>t</strong></span> 
     </span>
     <span class='ocr_line' id='line_1_6' title="bbox 132 707 1149 786; baseline 0.001 -19"><span class='ocrx_word' id='word_1_43' title='bbox 132 709 349 786; x_wconf 83' lang='lat' dir='ltr'><strong>diligentissime</strong></span> <span class='ocrx_word' id='word_1_44' title='bbox 363 726 500 767; x_wconf 90' lang='lat' dir='ltr'><strong>annorum</strong></span> <span class='ocrx_word' id='word_1_45' title='bbox 508 712 618 769; x_wconf 91' lang='lat' dir='ltr'><strong>ratione</strong></span> <span class='ocrx_word' id='word_1_46' title='bbox 627 707 776 784; x_wconf 89' lang='lat' dir='ltr'><strong>subducta,</strong></span> <span class='ocrx_word' id='word_1_47' title='bbox 788 710 816 766; x_wconf 92' lang='lat' dir='ltr'><strong>iu</strong></span> <span class='ocrx_word' id='word_1_48' title='bbox 828 707 955 767; x_wconf 85' lang='lat' dir='ltr'><strong>ordinem</strong></span> <span class='ocrx_word' id='word_1_49' title='bbox 963 707 1149 786; x_wconf 64' lang='lat' dir='ltr'><strong>redegisset</strong></span> 
     </span>
     <span class='ocr_line' id='line_1_7' title="bbox 13 792 1127 876; baseline -0.004 -19"><span class='ocrx_word' id='word_1_50' title='bbox 13 805 75 857; x_wconf 54' lang='grc' dir='ltr'><strong>Μ.</strong></span> <span class='ocrx_word' id='word_1_51' title='bbox 87 805 111 876; x_wconf 69' lang='lat' dir='ltr'><strong>tq</strong></span> <span class='ocrx_word' id='word_1_52' title='bbox 133 793 228 869; x_wconf 82' lang='lat' dir='ltr'><strong>Quare</strong></span> <span class='ocrx_word' id='word_1_53' title='bbox 242 811 302 854; x_wconf 84' lang='lat' dir='ltr'><strong>von</strong></span> <span class='ocrx_word' id='word_1_54' title='bbox 315 795 470 872; x_wconf 86' lang='lat' dir='ltr'><strong>praeconis</strong></span> <span class='ocrx_word' id='word_1_55' title='bbox 491 793 574 853; x_wconf 91' lang='lat' dir='ltr'><strong>irrisa</strong></span> <span class='ocrx_word' id='word_1_56' title='bbox 597 801 658 867; x_wconf 91' lang='lat' dir='ltr'><strong>est,</strong></span> <span class='ocrx_word' id='word_1_57' title='bbox 682 793 825 851; x_wconf 89' lang='lat' dir='ltr'><strong>invitantis</strong></span> <span class='ocrx_word' id='word_1_58' title='bbox 839 810 921 853; x_wconf 87' lang='lat' dir='ltr'><strong>more</strong></span> <span class='ocrx_word' id='word_1_59' title='bbox 941 792 1075 852; x_wconf 91' lang='lat' dir='ltr'><strong>sollemni</strong></span> <span class='ocrx_word' id='word_1_60' title='bbox 1090 792 1127 852; x_wconf 89' lang='lat' dir='ltr'><strong>ad</strong></span> 
     </span>
     <span class='ocr_line' id='line_1_8' title="bbox 130 876 1125 958; baseline -0.003 -20"><span class='ocrx_word' id='word_1_61' title='bbox 130 877 230 954; x_wconf 91' lang='lat' dir='ltr'><strong>ludos,</strong></span> <span class='ocrx_word' id='word_1_62' title='bbox 247 896 324 958; x_wconf 87' lang='lat' dir='ltr'><strong>qaas</strong></span> <span class='ocrx_word' id='word_1_63' title='bbox 338 895 394 938; x_wconf 86' lang='lat' dir='ltr'><strong>aec</strong></span> <span class='ocrx_word' id='word_1_64' title='bbox 404 881 576 954; x_wconf 80' lang='lat' dir='ltr'><strong>spectasset</strong></span> <span class='ocrx_word' id='word_1_65' title='bbox 586 876 748 957; x_wconf 78' lang='lat' dir='ltr'><strong>qaisquam</strong></span> <span class='ocrx_word' id='word_1_66' title='bbox 759 883 1023 954; x_wconf 73' lang='lat' dir='ltr'><strong>perspectatores</strong></span> <span class='ocrx_word' id='word_1_67' title='bbox 1036 884 1125 953; x_wconf 85' lang='lat' dir='ltr'><strong>esset,</strong></span> 
     </span>
     <span class='ocr_line' id='line_1_9' title="bbox 132 960 1219 1041; baseline -0.001 -19"><span class='ocrx_word' id='word_1_68' title='bbox 132 979 194 1022; x_wconf 89' lang='lat' dir='ltr'><strong>cum</strong></span> <span class='ocrx_word' id='word_1_69' title='bbox 212 969 404 1041; x_wconf 89' lang='lat' dir='ltr'><strong>superessent</strong></span> <span class='ocrx_word' id='word_1_70' title='bbox 418 960 510 1021; x_wconf 90' lang='lat' dir='ltr'><strong>adhuc</strong></span> <span class='ocrx_word' id='word_1_71' title='bbox 524 963 572 1040; x_wconf 93' lang='lat' dir='ltr'><strong>qui</strong></span> <span class='ocrx_word' id='word_1_72' title='bbox 595 969 815 1041; x_wconf 88' lang='lat' dir='ltr'><strong>spectaverant,</strong></span> <span class='ocrx_word' id='word_1_73' title='bbox 839 969 867 1020; x_wconf 92' lang='lat' dir='ltr'><strong>et</strong></span> <span class='ocrx_word' id='word_1_74' title='bbox 883 960 996 1039; x_wconf 91' lang='lat' dir='ltr'><strong>quidam</strong></span> <span class='ocrx_word' id='word_1_75' title='bbox 1011 960 1126 1021; x_wconf 91' lang='lat' dir='ltr'><strong>histrio·</strong></span> <span class='ocrx_word' id='word_1_76' title='bbox 1218 1019 1219 1031; x_wconf 65' lang='grc'>,</span> 
     </span>
     <span class='ocr_line' id='line_1_10' title="bbox 129 1043 1126 1124; baseline 0 -19"><span class='ocrx_word' id='word_1_77' title='bbox 129 1065 195 1106; x_wconf 94' lang='lat' dir='ltr'><strong>num</strong></span> <span class='ocrx_word' id='word_1_78' title='bbox 217 1045 351 1124; x_wconf 89' lang='lat' dir='ltr'><strong>producti</strong></span> <span class='ocrx_word' id='word_1_79' title='bbox 375 1045 443 1105; x_wconf 94' lang='lat' dir='ltr'><strong>olim</strong></span> <span class='ocrx_word' id='word_1_80' title='bbox 469 1055 537 1104; x_wconf 90' lang='lat' dir='ltr'><strong>tunc</strong></span> <span class='ocrx_word' id='word_1_81' title='bbox 557 1063 672 1124; x_wconf 88' lang='lat' dir='ltr'><strong>quoque</strong></span> <span class='ocrx_word' id='word_1_82' title='bbox 695 1043 934 1122; x_wconf 76' lang='lat' dir='ltr'><strong>producerentur.</strong></span> <span class='ocrx_word' id='word_1_83' title='bbox 969 1043 1126 1105; x_wconf 77' lang='lat' dir='ltr'><strong>Circenses</strong></span> 
     </span>
     <span class='ocr_line' id='line_1_11' title="bbox 130 1130 1163 1209; baseline 0.004 -19"><span class='ocrx_word' id='word_1_84' title='bbox 130 1131 297 1209; x_wconf 82' lang='lat' dir='ltr'><strong>frequenter</strong></span> <span class='ocrx_word' id='word_1_85' title='bbox 321 1132 406 1190; x_wconf 87' lang='lat' dir='ltr'><strong>etiam</strong></span> <span class='ocrx_word' id='word_1_86' title='bbox 422 1131 450 1188; x_wconf 93' lang='lat' dir='ltr'><strong>in</strong></span> <span class='ocrx_word' id='word_1_87' title='bbox 466 1131 608 1190; x_wconf 89' lang='lat' dir='ltr'><strong>Vaticano</strong></span> <span class='ocrx_word' id='word_1_88' title='bbox 634 1130 789 1206; x_wconf 88' lang='lat' dir='ltr'><strong>commisit,</strong></span> <span class='ocrx_word' id='word_1_89' title='bbox 811 1147 1022 1208; x_wconf 87' lang='lat' dir='ltr'><strong>nonnumquam</strong></span> <span class='ocrx_word' id='word_1_90' title='bbox 1038 1133 1123 1190; x_wconf 87' lang='lat' dir='ltr'><strong>inter·</strong></span> <span class='ocrx_word' id='word_1_91' title='bbox 1136 1151 1163 1194; x_wconf 85' lang='lat' dir='ltr'><strong>rc</strong></span> 
     </span>
     <span class='ocr_line' id='line_1_12' title="bbox 129 1211 1124 1294; baseline -0.002 -19"><span class='ocrx_word' id='word_1_92' title='bbox 129 1216 209 1275; x_wconf 89' lang='lat' dir='ltr'><strong>iecta.</strong></span> <span class='ocrx_word' id='word_1_93' title='bbox 226 1233 279 1294; x_wconf 93' lang='lat' dir='ltr'><strong>per</strong></span> <span class='ocrx_word' id='word_1_94' title='bbox 302 1216 405 1293; x_wconf 92' lang='lat' dir='ltr'><strong>quinos</strong></span> <span class='ocrx_word' id='word_1_95' title='bbox 420 1214 524 1274; x_wconf 92' lang='lat' dir='ltr'><strong>missus</strong></span> <span class='ocrx_word' id='word_1_96' title='bbox 543 1215 708 1275; x_wconf 86' lang='lat' dir='ltr'><strong>venatione.</strong></span> <span class='ocrx_word' id='word_1_97' title='bbox 728 1211 816 1273; x_wconf 78' lang='lat' dir='ltr'><strong>Circo</strong></span> <span class='ocrx_word' id='word_1_98' title='bbox 828 1230 900 1273; x_wconf 90' lang='lat' dir='ltr'><strong>vero</strong></span> <span class='ocrx_word' id='word_1_99' title='bbox 914 1215 1038 1274; x_wconf 88' lang='lat' dir='ltr'><strong>maximo</strong></span> <span class='ocrx_word' id='word_1_100' title='bbox 1052 1233 1124 1274; x_wconf 88' lang='lat' dir='ltr'><strong>mar-</strong></span> 
     </span>
     <span class='ocr_line' id='line_1_13' title="bbox 128 1299 1126 1378; baseline 0.002 -20"><span class='ocrx_word' id='word_1_101' title='bbox 128 1301 235 1359; x_wconf 90' lang='lat' dir='ltr'><strong>moreis</strong></span> <span class='ocrx_word' id='word_1_102' title='bbox 252 1299 418 1359; x_wconf 86' lang='lat' dir='ltr'><strong>carceribus</strong></span> <span class='ocrx_word' id='word_1_103' title='bbox 442 1299 607 1378; x_wconf 86' lang='lat' dir='ltr'><strong>auratisque</strong></span> <span class='ocrx_word' id='word_1_104' title='bbox 630 1299 730 1374; x_wconf 89' lang='lat' dir='ltr'><strong>metis,</strong></span> <span class='ocrx_word' id='word_1_105' title='bbox 753 1315 827 1377; x_wconf 90' lang='lat' dir='ltr'><strong>quae</strong></span> <span class='ocrx_word' id='word_1_106' title='bbox 848 1306 968 1376; x_wconf 91' lang='lat' dir='ltr'><strong>utraque</strong></span> <span class='ocrx_word' id='word_1_107' title='bbox 989 1307 1018 1358; x_wconf 92' lang='lat' dir='ltr'><strong>et</strong></span> <span class='ocrx_word' id='word_1_108' title='bbox 1038 1299 1126 1360; x_wconf 87' lang='lat' dir='ltr'><strong>toliua</strong></span> 
     </span>
     <span class='ocr_line' id='line_1_14' title="bbox 129 1382 1127 1462; baseline -0.002 -18"><span class='ocrx_word' id='word_1_109' title='bbox 129 1402 162 1444; x_wconf 88' lang='lat' dir='ltr'><strong>ac</strong></span> <span class='ocrx_word' id='word_1_110' title='bbox 175 1383 271 1462; x_wconf 87' lang='lat' dir='ltr'><strong>lignea</strong></span> <span class='ocrx_word' id='word_1_111' title='bbox 284 1393 367 1444; x_wconf 91' lang='lat' dir='ltr'><strong>antea</strong></span> <span class='ocrx_word' id='word_1_112' title='bbox 377 1383 500 1460; x_wconf 86' lang='lat' dir='ltr'><strong>fuerant,</strong></span> <span class='ocrx_word' id='word_1_113' title='bbox 514 1382 640 1459; x_wconf 86' lang='lat' dir='ltr'><strong>exculto,</strong></span> <span class='ocrx_word' id='word_1_114' title='bbox 655 1383 775 1462; x_wconf 89' lang='lat' dir='ltr'><strong>propria</strong></span> <span class='ocrx_word' id='word_1_115' title='bbox 786 1383 967 1443; x_wconf 88' lang='lat' dir='ltr'><strong>senatoribus</strong></span> <span class='ocrx_word' id='word_1_116' title='bbox 980 1384 1127 1443; x_wconf 89' lang='lat' dir='ltr'><strong>constituit</strong></span> 
     </span>
     <span class='ocr_line' id='line_1_15' title="bbox 128 1467 1124 1548; baseline 0.001 -22"><span class='ocrx_word' id='word_1_117' title='bbox 128 1468 194 1528; x_wconf 87' lang='lat' dir='ltr'><strong>loca</strong></span> <span class='ocrx_word' id='word_1_118' title='bbox 209 1468 375 1548; x_wconf 89' lang='lat' dir='ltr'><strong>promiscue</strong></span> <span class='ocrx_word' id='word_1_119' title='bbox 396 1477 532 1545; x_wconf 88' lang='lat' dir='ltr'><strong>spectare</strong></span> <span class='ocrx_word' id='word_1_120' title='bbox 553 1468 662 1535; x_wconf 90' lang='lat' dir='ltr'><strong>solitis;</strong></span> <span class='ocrx_word' id='word_1_121' title='bbox 689 1484 725 1527; x_wconf 89' lang='lat' dir='ltr'><strong>ac</strong></span> <span class='ocrx_word' id='word_1_122' title='bbox 742 1485 830 1546; x_wconf 91' lang='lat' dir='ltr'><strong>super</strong></span> <span class='ocrx_word' id='word_1_123' title='bbox 846 1467 1047 1546; x_wconf 89' lang='lat' dir='ltr'><strong>quadrigarum</strong></span> <span class='ocrx_word' id='word_1_124' title='bbox 1064 1485 1124 1527; x_wconf 91' lang='lat' dir='ltr'><strong>cer-</strong></span> 
     </span>
     <span class='ocr_line' id='line_1_16' title="bbox 19 1543 1161 1627; baseline 0 -15"><span class='ocrx_word' id='word_1_125' title='bbox 19 1543 233 1624; x_wconf 51' lang='lat' dir='ltr'><strong>araaioatamina</strong></span> <span class='ocrx_word' id='word_1_126' title='bbox 248 1551 352 1612; x_wconf 84' lang='lat' dir='ltr'><strong>&#39;l&#39;roiae</strong></span> <span class='ocrx_word' id='word_1_127' title='bbox 369 1551 460 1610; x_wconf 91' lang='lat' dir='ltr'><strong>lusum</strong></span> <span class='ocrx_word' id='word_1_128' title='bbox 474 1551 602 1612; x_wconf 85' lang='lat' dir='ltr'><strong>exhibuit</strong></span> <span class='ocrx_word' id='word_1_129' title='bbox 618 1559 646 1611; x_wconf 93' lang='lat' dir='ltr'><strong>et</strong></span> <span class='ocrx_word' id='word_1_130' title='bbox 660 1549 830 1627; x_wconf 77' lang='lat' dir='ltr'><strong>Africanas,</strong></span> <span class='ocrx_word' id='word_1_131' title='bbox 848 1553 1020 1612; x_wconf 89' lang='lat' dir='ltr'><strong>conficiente</strong></span> <span class='ocrx_word' id='word_1_132' title='bbox 1036 1561 1126 1611; x_wconf 91' lang='lat' dir='ltr'><strong>turma</strong></span> <span class='ocrx_word' id='word_1_133' title='bbox 1136 1570 1161 1612; x_wconf 82' lang='lat' dir='ltr'><strong>rs</strong></span> 
     </span>
     <span class='ocr_line' id='line_1_17' title="bbox 18 1635 1124 1716; baseline 0.002 -22"><span class='ocrx_word' id='word_1_134' title='bbox 18 1642 21 1653; x_wconf 81' lang='lat'><strong><em>¹</em></strong></span> <span class='ocrx_word' id='word_1_135' title='bbox 130 1637 254 1713; x_wconf 90' lang='lat' dir='ltr'><strong>equitum</strong></span> <span class='ocrx_word' id='word_1_136' title='bbox 271 1637 532 1713; x_wconf 90' lang='lat' dir='ltr'><strong>praetorianorum,</strong></span> <span class='ocrx_word' id='word_1_137' title='bbox 549 1635 669 1695; x_wconf 93' lang='lat' dir='ltr'><strong>ducibus</strong></span> <span class='ocrx_word' id='word_1_138' title='bbox 684 1635 804 1694; x_wconf 90' lang='lat' dir='ltr'><strong>tribunis</strong></span> <span class='ocrx_word' id='word_1_139' title='bbox 819 1636 942 1715; x_wconf 91' lang='lat' dir='ltr'><strong>ipsoque</strong></span> <span class='ocrx_word' id='word_1_140' title='bbox 958 1636 1124 1716; x_wconf 89' lang='lat' dir='ltr'><strong>praelecto;</strong></span> 
     </span>
     <span class='ocr_line' id='line_1_18' title="bbox 130 1718 1219 1801; baseline 0.002 -23"><span class='ocrx_word' id='word_1_141' title='bbox 130 1729 283 1799; x_wconf 88' lang='lat' dir='ltr'><strong>praeterea</strong></span> <span class='ocrx_word' id='word_1_142' title='bbox 309 1718 466 1780; x_wconf 82' lang='lat' dir='ltr'><strong>Thessalos</strong></span> <span class='ocrx_word' id='word_1_143' title='bbox 494 1722 623 1799; x_wconf 81' lang='lat' dir='ltr'><strong>equites,</strong></span> <span class='ocrx_word' id='word_1_144' title='bbox 651 1721 697 1798; x_wconf 88' lang='lat' dir='ltr'><strong>qui</strong></span> <span class='ocrx_word' id='word_1_145' title='bbox 726 1720 807 1779; x_wconf 90' lang='lat' dir='ltr'><strong>ieros</strong></span> <span class='ocrx_word' id='word_1_146' title='bbox 835 1728 933 1780; x_wconf 87' lang='lat' dir='ltr'><strong>tauros</strong></span> <span class='ocrx_word' id='word_1_147' title='bbox 958 1739 1013 1800; x_wconf 92' lang='lat' dir='ltr'><strong>per</strong></span> <span class='ocrx_word' id='word_1_148' title='bbox 1034 1722 1126 1800; x_wconf 91' lang='lat' dir='ltr'><strong>spatia</strong></span> <span class='ocrx_word' id='word_1_149' title='bbox 1218 1777 1219 1801; x_wconf 57' lang='lat'><strong>,</strong></span> 
     </span>
     <span class='ocr_line' id='line_1_19' title="bbox 130 1803 1124 1888; baseline 0.001 -25"><span class='ocrx_word' id='word_1_150' title='bbox 130 1805 200 1863; x_wconf 92' lang='lat' dir='ltr'><strong>circi</strong></span> <span class='ocrx_word' id='word_1_151' title='bbox 220 1813 307 1880; x_wconf 85' lang='lat' dir='ltr'><strong>agunt</strong></span> <span class='ocrx_word' id='word_1_152' title='bbox 327 1804 510 1884; x_wconf 87' lang='lat' dir='ltr'><strong>insiliuntque</strong></span> <span class='ocrx_word' id='word_1_153' title='bbox 533 1803 668 1882; x_wconf 80' lang='lat' dir='ltr'><strong>defessos</strong></span> <span class='ocrx_word' id='word_1_154' title='bbox 689 1813 718 1862; x_wconf 93' lang='lat' dir='ltr'><strong>et</strong></span> <span class='ocrx_word' id='word_1_155' title='bbox 738 1803 773 1864; x_wconf 89' lang='lat' dir='ltr'><strong>ad</strong></span> <span class='ocrx_word' id='word_1_156' title='bbox 796 1812 901 1864; x_wconf 90' lang='lat' dir='ltr'><strong>terram</strong></span> <span class='ocrx_word' id='word_1_157' title='bbox 925 1803 1124 1888; x_wconf 74' lang='lat' dir='ltr'><strong>cornibusdc</strong></span> 
     </span>
     <span class='ocr_line' id='line_1_20' title="bbox 13 1873 1219 1954; baseline 0.004 -37"><span class='ocrx_word' id='word_1_158' title='bbox 13 1903 19 1917; x_wconf 61' lang='lat' dir='ltr'><strong>t</strong></span> <span class='ocrx_word' id='word_1_159' title='bbox 128 1888 250 1947; x_wconf 39' lang='lat' dir='ltr'><strong>trahunt·</strong></span> <span class='ocrx_word' id='word_1_160' title='bbox 281 1874 672 1954; x_wconf 33' lang='lat' dir='ltr'><strong>ppssfflffpryrlfflqml·</strong></span> <span class='ocrx_word' id='word_1_161' title='bbox 920 1873 1144 1946; x_wconf 58' lang='lat' dir='ltr'><strong>recentissimis&amp;</strong></span> <span class='ocrx_word' id='word_1_162' title='bbox 1218 1925 1219 1928; x_wconf 50' lang='lat'><strong>,</strong></span> 
     </span>
     <span class='ocr_line' id='line_1_21' title="bbox 191 1958 1162 2052; baseline 0 -20"><span class='ocrx_word' id='word_1_163' title='bbox 191 1971 365 2033; x_wconf 86' lang='lat' dir='ltr'><strong>Gladiatoria</strong></span> <span class='ocrx_word' id='word_1_164' title='bbox 395 1991 513 2034; x_wconf 88' lang='lat' dir='ltr'><strong>munera</strong></span> <span class='ocrx_word' id='word_1_165' title='bbox 535 1958 712 2051; x_wconf 83' lang='lat' dir='ltr'><strong>pluiifartam</strong></span> <span class='ocrx_word' id='word_1_166' title='bbox 734 1990 769 2033; x_wconf 90' lang='lat' dir='ltr'><strong>ac</strong></span> <span class='ocrx_word' id='word_1_167' title='bbox 790 1971 958 2052; x_wconf 91' lang='lat' dir='ltr'><strong>multiplicia</strong></span> <span class='ocrx_word' id='word_1_168' title='bbox 982 1972 1162 2032; x_wconf 74' lang='lat' dir='ltr'><strong>exhibuit22o</strong></span> 
     </span>
     <span class='ocr_line' id='line_1_22' title="bbox 129 2057 1124 2136; baseline 0 -20"><span class='ocrx_word' id='word_1_169' title='bbox 129 2057 354 2116; x_wconf 87' lang='lat' dir='ltr'><strong>anniversarium</strong></span> <span class='ocrx_word' id='word_1_170' title='bbox 375 2059 403 2116; x_wconf 95' lang='lat' dir='ltr'><strong>in</strong></span> <span class='ocrx_word' id='word_1_171' title='bbox 427 2059 529 2117; x_wconf 91' lang='lat' dir='ltr'><strong>castris</strong></span> <span class='ocrx_word' id='word_1_172' title='bbox 545 2057 737 2136; x_wconf 89' lang='lat' dir='ltr'><strong>praetorianis</strong></span> <span class='ocrx_word' id='word_1_173' title='bbox 754 2057 816 2115; x_wconf 90' lang='lat' dir='ltr'><strong>sine</strong></span> <span class='ocrx_word' id='word_1_174' title='bbox 834 2058 989 2117; x_wconf 87' lang='lat' dir='ltr'><strong>venatione</strong></span> <span class='ocrx_word' id='word_1_175' title='bbox 1005 2073 1124 2136; x_wconf 86' lang='lat' dir='ltr'><strong>appara·</strong></span> 
     </span>
     <span class='ocr_line' id='line_1_23' title="bbox 130 2139 1219 2221; baseline -0.002 -20"><span class='ocrx_word' id='word_1_176' title='bbox 130 2151 235 2221; x_wconf 88' lang='lat' dir='ltr'><strong>tuque,</strong></span> <span class='ocrx_word' id='word_1_177' title='bbox 256 2143 359 2201; x_wconf 91' lang='lat' dir='ltr'><strong>iustum</strong></span> <span class='ocrx_word' id='word_1_178' title='bbox 377 2151 463 2220; x_wconf 88' lang='lat' dir='ltr'><strong>atque</strong></span> <span class='ocrx_word' id='word_1_179' title='bbox 483 2140 640 2218; x_wconf 86' lang='lat' dir='ltr'><strong>legitimum</strong></span> <span class='ocrx_word' id='word_1_180' title='bbox 655 2141 683 2200; x_wconf 94' lang='lat' dir='ltr'><strong>in</strong></span> <span class='ocrx_word' id='word_1_181' title='bbox 699 2140 813 2220; x_wconf 89' lang='lat' dir='ltr'><strong>Septis;</strong></span> <span class='ocrx_word' id='word_1_182' title='bbox 842 2140 948 2201; x_wconf 88' lang='lat' dir='ltr'><strong>ibidem</strong></span> <span class='ocrx_word' id='word_1_183' title='bbox 967 2139 1125 2201; x_wconf 85' lang='lat' dir='ltr'><strong>extraordi-</strong></span> <span class='ocrx_word' id='word_1_184' title='bbox 1218 2147 1219 2190; x_wconf 81' lang='grc'><strong>1</strong></span> 
     </span>
     <span class='ocr_line' id='line_1_24' title="bbox 129 2224 1125 2305; baseline 0 -22"><span class='ocrx_word' id='word_1_185' title='bbox 129 2226 239 2285; x_wconf 87' lang='lat' dir='ltr'><strong>narium</strong></span> <span class='ocrx_word' id='word_1_186' title='bbox 263 2235 292 2284; x_wconf 88' lang='lat' dir='ltr'><strong>et</strong></span> <span class='ocrx_word' id='word_1_187' title='bbox 314 2225 403 2286; x_wconf 90' lang='lat' dir='ltr'><strong>breve</strong></span> <span class='ocrx_word' id='word_1_188' title='bbox 427 2225 593 2303; x_wconf 91' lang='lat' dir='ltr'><strong>dierumque</strong></span> <span class='ocrx_word' id='word_1_189' title='bbox 617 2241 788 2304; x_wconf 88' lang='lat' dir='ltr'><strong>paucorum,</strong></span> <span class='ocrx_word' id='word_1_190' title='bbox 818 2224 953 2305; x_wconf 92' lang='lat' dir='ltr'><strong>quodque</strong></span> <span class='ocrx_word' id='word_1_191' title='bbox 975 2225 1125 2305; x_wconf 90' lang='lat' dir='ltr'><strong>appellare</strong></span> 
     </span>
     <span class='ocr_line' id='line_1_25' title="bbox 44 2299 1219 2390; baseline -0.005 -16"><span class='ocrx_word' id='word_1_192' title='bbox 44 2367 45 2374; x_wconf 72' lang='grc'>,</span> <span class='ocrx_word' id='word_1_193' title='bbox 132 2312 230 2388; x_wconf 90' lang='lat' dir='ltr'><strong>coepit</strong></span> <span class='ocrx_word' id='word_1_194' title='bbox 244 2310 466 2390; x_wconf 87' lang='lat' dir='ltr'><strong>sportulam,</strong></span> <span class='ocrx_word' id='word_1_195' title='bbox 485 2311 551 2387; x_wconf 91' lang='lat' dir='ltr'><strong>quia</strong></span> <span class='ocrx_word' id='word_1_196' title='bbox 567 2310 687 2387; x_wconf 90' lang='lat' dir='ltr'><strong>primum</strong></span> <span class='ocrx_word' id='word_1_197' title='bbox 700 2308 815 2368; x_wconf 89' lang='lat' dir='ltr'><strong>daturus</strong></span> <span class='ocrx_word' id='word_1_198' title='bbox 828 2308 974 2386; x_wconf 88' lang='lat' dir='ltr'><strong>edixerat,</strong></span> <span class='ocrx_word' id='word_1_199' title='bbox 989 2309 1073 2370; x_wconf 86' lang='lat' dir='ltr'><strong>celat</strong></span> <span class='ocrx_word' id='word_1_200' title='bbox 1083 2308 1127 2368; x_wconf 87' lang='lat' dir='ltr'><strong>ad</strong></span> <span class='ocrx_word' id='word_1_201' title='bbox 1204 2299 1219 2384; x_wconf 66' lang='lat' dir='ltr'><strong>“r</strong></span> 
     </span>
     <span class='ocr_line' id='line_1_26' title="bbox 130 2391 1219 2473; baseline 0.003 -21"><span class='ocrx_word' id='word_1_202' title='bbox 130 2392 264 2453; x_wconf 78' lang='lat' dir='ltr'><strong>sribitant</strong></span> <span class='ocrx_word' id='word_1_203' title='bbox 277 2394 508 2473; x_wconf 79' lang='lat' dir='ltr'><strong>condictamque</strong></span> <span class='ocrx_word' id='word_1_204' title='bbox 521 2391 681 2455; x_wconf 81' lang='lat' dir='ltr'><strong>coenulam</strong></span> <span class='ocrx_word' id='word_1_205' title='bbox 695 2393 829 2454; x_wconf 84' lang='lat' dir='ltr'><strong>incitare</strong></span> <span class='ocrx_word' id='word_1_206' title='bbox 842 2411 877 2454; x_wconf 87' lang='lat' dir='ltr'><strong>se</strong></span> <span class='ocrx_word' id='word_1_207' title='bbox 890 2394 1045 2473; x_wconf 82' lang='lat' dir='ltr'><strong>poputum.</strong></span> <span class='ocrx_word' id='word_1_208' title='bbox 1062 2391 1125 2453; x_wconf 92' lang='lat' dir='ltr'><strong>Nec</strong></span> <span class='ocrx_word' id='word_1_209' title='bbox 1134 2415 1161 2455; x_wconf 80' lang='lat' dir='ltr'><strong>as</strong></span> <span class='ocrx_word' id='word_1_210' title='bbox 1218 2399 1219 2406; x_wconf 76' lang='grc'>’</span> 
     </span>
     <span class='ocr_line' id='line_1_27' title="bbox 130 2475 1219 2557; baseline 0 -21"><span class='ocrx_word' id='word_1_211' title='bbox 130 2477 188 2536; x_wconf 92' lang='lat' dir='ltr'><strong>ullo</strong></span> <span class='ocrx_word' id='word_1_212' title='bbox 208 2478 367 2557; x_wconf 87' lang='lat' dir='ltr'><strong>spectaculi</strong></span> <span class='ocrx_word' id='word_1_213' title='bbox 382 2496 492 2555; x_wconf 82' lang='lat' dir='ltr'><strong>genere</strong></span> <span class='ocrx_word' id='word_1_214' title='bbox 516 2478 691 2538; x_wconf 92' lang='lat' dir='ltr'><strong>communior</strong></span> <span class='ocrx_word' id='word_1_215' title='bbox 712 2487 759 2537; x_wconf 89' lang='lat' dir='ltr'><strong>aut</strong></span> <span class='ocrx_word' id='word_1_216' title='bbox 781 2480 928 2538; x_wconf 86' lang='lat' dir='ltr'><strong>remissior</strong></span> <span class='ocrx_word' id='word_1_217' title='bbox 947 2487 1022 2554; x_wconf 90' lang='lat' dir='ltr'><strong>erat,</strong></span> <span class='ocrx_word' id='word_1_218' title='bbox 1051 2477 1124 2537; x_wconf 89' lang='lat' dir='ltr'><strong>adeo</strong></span> <span class='ocrx_word' id='word_1_219' title='bbox 1218 2475 1219 2480; x_wconf 69' lang='grc'>’</span> 
     </span>
     <span class='ocr_line' id='line_1_28' title="bbox 129 2561 1124 2642; baseline 0.001 -22"><span class='ocrx_word' id='word_1_220' title='bbox 129 2570 159 2620; x_wconf 93' lang='lat' dir='ltr'><strong>ut</strong></span> <span class='ocrx_word' id='word_1_221' title='bbox 174 2561 289 2622; x_wconf 87' lang='lat' dir='ltr'><strong>oblatos</strong></span> <span class='ocrx_word' id='word_1_222' title='bbox 300 2561 460 2622; x_wconf 90' lang='lat' dir='ltr'><strong>victoribus</strong></span> <span class='ocrx_word' id='word_1_223' title='bbox 471 2579 576 2621; x_wconf 90' lang='lat' dir='ltr'><strong>aureos</strong></span> <span class='ocrx_word' id='word_1_224' title='bbox 586 2562 701 2641; x_wconf 88' lang='lat' dir='ltr'><strong>prolata</strong></span> <span class='ocrx_word' id='word_1_225' title='bbox 713 2562 827 2622; x_wconf 89' lang='lat' dir='ltr'><strong>sinistra</strong></span> <span class='ocrx_word' id='word_1_226' title='bbox 839 2565 947 2642; x_wconf 91' lang='lat' dir='ltr'><strong>pariter</strong></span> <span class='ocrx_word' id='word_1_227' title='bbox 960 2580 1023 2622; x_wconf 91' lang='lat' dir='ltr'><strong>cum</strong></span> <span class='ocrx_word' id='word_1_228' title='bbox 1036 2562 1124 2640; x_wconf 87' lang='lat' dir='ltr'><strong>vulgo</strong></span> 
     </span>
     <span class='ocr_line' id='line_1_29' title="bbox 130 2644 1125 2725; baseline 0 -21"><span class='ocrx_word' id='word_1_229' title='bbox 130 2663 206 2706; x_wconf 90' lang='lat' dir='ltr'><strong>voce</strong></span> <span class='ocrx_word' id='word_1_230' title='bbox 232 2644 386 2725; x_wconf 81' lang='lat' dir='ltr'><strong>digitisque</strong></span> <span class='ocrx_word' id='word_1_231' title='bbox 406 2654 584 2722; x_wconf 87' lang='lat' dir='ltr'><strong>numeraret,</strong></span> <span class='ocrx_word' id='word_1_232' title='bbox 616 2663 651 2706; x_wconf 88' lang='lat' dir='ltr'><strong>ac</strong></span> <span class='ocrx_word' id='word_1_233' title='bbox 671 2664 761 2725; x_wconf 87' lang='lat' dir='ltr'><strong>saepe</strong></span> <span class='ocrx_word' id='word_1_234' title='bbox 778 2645 920 2706; x_wconf 89' lang='lat' dir='ltr'><strong>hortando</strong></span> <span class='ocrx_word' id='word_1_235' title='bbox 936 2645 1125 2725; x_wconf 89' lang='lat' dir='ltr'><strong>rogandoque</strong></span> 
     </span>
     <span class='ocr_line' id='line_1_30' title="bbox 129 2729 1124 2809; baseline 0 -19"><span class='ocrx_word' id='word_1_236' title='bbox 129 2729 165 2790; x_wconf 92' lang='lat' dir='ltr'><strong>ad</strong></span> <span class='ocrx_word' id='word_1_237' title='bbox 179 2730 350 2791; x_wconf 89' lang='lat' dir='ltr'><strong>hilaritatem</strong></span> <span class='ocrx_word' id='word_1_238' title='bbox 365 2730 495 2790; x_wconf 90' lang='lat' dir='ltr'><strong>homines</strong></span> <span class='ocrx_word' id='word_1_239' title='bbox 514 2739 706 2808; x_wconf 87' lang='lat' dir='ltr'><strong>provocaret,</strong></span> <span class='ocrx_word' id='word_1_240' title='bbox 723 2729 887 2790; x_wconf 88' lang='lat' dir='ltr'><strong>dominos</strong></span> <span class='ocrx_word' id='word_1_241' title='bbox 904 2729 1059 2790; x_wconf 85' lang='lat' dir='ltr'><strong>identidem</strong></span> <span class='ocrx_word' id='word_1_242' title='bbox 1075 2748 1124 2809; x_wconf 92' lang='lat' dir='ltr'><strong>ap-</strong></span> 
     </span>
     <span class='ocr_line' id='line_1_31' title="bbox 129 2813 1162 2894; baseline 0.001 -20"><span class='ocrx_word' id='word_1_243' title='bbox 129 2815 260 2894; x_wconf 89' lang='lat' dir='ltr'><strong>pellans,</strong></span> <span class='ocrx_word' id='word_1_244' title='bbox 282 2815 414 2875; x_wconf 87' lang='lat' dir='ltr'><strong>immixtis</strong></span> <span class='ocrx_word' id='word_1_245' title='bbox 430 2814 570 2874; x_wconf 94' lang='lat' dir='ltr'><strong>interdum</strong></span> <span class='ocrx_word' id='word_1_246' title='bbox 584 2813 697 2892; x_wconf 88' lang='lat' dir='ltr'><strong>irigidis</strong></span> <span class='ocrx_word' id='word_1_247' title='bbox 713 2822 741 2874; x_wconf 91' lang='lat' dir='ltr'><strong>et</strong></span> <span class='ocrx_word' id='word_1_248' title='bbox 757 2815 905 2874; x_wconf 89' lang='lat' dir='ltr'><strong>arcessitis</strong></span> <span class='ocrx_word' id='word_1_249' title='bbox 921 2815 1010 2884; x_wconf 88' lang='lat' dir='ltr'><strong>iocis;</strong></span> <span class='ocrx_word' id='word_1_250' title='bbox 1033 2815 1125 2893; x_wconf 92' lang='lat' dir='ltr'><strong>qualis</strong></span> <span class='ocrx_word' id='word_1_251' title='bbox 1135 2835 1162 2877; x_wconf 86' lang='lat' dir='ltr'><strong>sc</strong></span> 
     </span>
     <span class='ocr_line' id='line_1_32' title="bbox 131 2897 1219 2978; baseline 0 -20"><span class='ocrx_word' id='word_1_252' title='bbox 131 2909 176 2958; x_wconf 92' lang='lat' dir='ltr'><strong>est</strong></span> <span class='ocrx_word' id='word_1_253' title='bbox 192 2908 223 2959; x_wconf 89' lang='lat' dir='ltr'><strong>ut</strong></span> <span class='ocrx_word' id='word_1_254' title='bbox 237 2917 300 2960; x_wconf 93' lang='lat' dir='ltr'><strong>cum</strong></span> <span class='ocrx_word' id='word_1_255' title='bbox 315 2899 479 2960; x_wconf 87' lang='lat' dir='ltr'><strong>Palumbum</strong></span> <span class='ocrx_word' id='word_1_256' title='bbox 500 2897 711 2978; x_wconf 88' lang='lat' dir='ltr'><strong>postulantibus</strong></span> <span class='ocrx_word' id='word_1_257' title='bbox 727 2897 855 2958; x_wconf 89' lang='lat' dir='ltr'><strong>daturum</strong></span> <span class='ocrx_word' id='word_1_258' title='bbox 876 2918 910 2958; x_wconf 91' lang='lat' dir='ltr'><strong>se</strong></span> <span class='ocrx_word' id='word_1_259' title='bbox 925 2901 1074 2978; x_wconf 89' lang='lat' dir='ltr'><strong>promisit,</strong></span> <span class='ocrx_word' id='word_1_260' title='bbox 1098 2898 1129 2958; x_wconf 86' lang='lat' dir='ltr'><strong>si</strong></span> <span class='ocrx_word' id='word_1_261' title='bbox 1218 2933 1219 2938; x_wconf 22' lang='grc' dir='ltr'><strong><em>κ</em></strong></span> 
     </span>
     <span class='ocr_line' id='line_1_33' title="bbox 130 2983 1219 3063; baseline -0.004 -19"><span class='ocrx_word' id='word_1_262' title='bbox 130 2990 242 3062; x_wconf 85' lang='lat' dir='ltr'><strong>captas</strong></span> <span class='ocrx_word' id='word_1_263' title='bbox 254 2989 341 3044; x_wconf 83' lang='lat' dir='ltr'><strong>esset.</strong></span> <span class='ocrx_word' id='word_1_264' title='bbox 359 2983 432 3044; x_wconf 94' lang='lat' dir='ltr'><strong>lllud</strong></span> <span class='ocrx_word' id='word_1_265' title='bbox 444 2984 530 3063; x_wconf 91' lang='lat' dir='ltr'><strong>plane</strong></span> <span class='ocrx_word' id='word_1_266' title='bbox 543 2983 722 3062; x_wconf 89' lang='lat' dir='ltr'><strong>quantumvis</strong></span> <span class='ocrx_word' id='word_1_267' title='bbox 734 2983 888 3043; x_wconf 91' lang='lat' dir='ltr'><strong>salubriter</strong></span> <span class='ocrx_word' id='word_1_268' title='bbox 897 2993 926 3042; x_wconf 90' lang='lat' dir='ltr'><strong>et</strong></span> <span class='ocrx_word' id='word_1_269' title='bbox 939 2984 1125 3063; x_wconf 88' lang='lat' dir='ltr'><strong>intempore:</strong></span> <span class='ocrx_word' id='word_1_270' title='bbox 1218 2997 1219 3040; x_wconf 74' lang='lat'><em>3</em></span> 
     </span>
     <span class='ocr_line' id='line_1_34' title="bbox 131 3066 1125 3147; baseline 0 -21"><span class='ocrx_word' id='word_1_271' title='bbox 131 3085 193 3126; x_wconf 94' lang='lat' dir='ltr'><strong>cum</strong></span> <span class='ocrx_word' id='word_1_272' title='bbox 211 3068 374 3144; x_wconf 86' lang='lat' dir='ltr'><strong>essedario,</strong></span> <span class='ocrx_word' id='word_1_273' title='bbox 397 3085 451 3146; x_wconf 90' lang='lat' dir='ltr'><strong>pro</strong></span> <span class='ocrx_word' id='word_1_274' title='bbox 473 3085 529 3147; x_wconf 91' lang='lat' dir='ltr'><strong>quo</strong></span> <span class='ocrx_word' id='word_1_275' title='bbox 546 3075 678 3146; x_wconf 91' lang='lat' dir='ltr'><strong>quattuor</strong></span> <span class='ocrx_word' id='word_1_276' title='bbox 693 3066 733 3126; x_wconf 85' lang='lat' dir='ltr'><strong>lrli</strong></span> <span class='ocrx_word' id='word_1_277' title='bbox 748 3066 996 3146; x_wconf 87' lang='lat' dir='ltr'><strong>deprecabantur,</strong></span> <span class='ocrx_word' id='word_1_278' title='bbox 1020 3084 1125 3145; x_wconf 87' lang='lat' dir='ltr'><strong>magna</strong></span> 
     </span>
     <span class='ocr_line' id='line_1_35' title="bbox 131 3150 1112 3227; baseline 0.003 -20"><span class='ocrx_word' id='word_1_279' title='bbox 131 3153 253 3211; x_wconf 90' lang='lat' dir='ltr'><strong>omnium</strong></span> <span class='ocrx_word' id='word_1_280' title='bbox 268 3153 369 3213; x_wconf 85' lang='lat' dir='ltr'><strong>lavore</strong></span> <span class='ocrx_word' id='word_1_281' title='bbox 391 3151 557 3211; x_wconf 89' lang='lat' dir='ltr'><strong>indulsisset</strong></span> <span class='ocrx_word' id='word_1_282' title='bbox 572 3150 688 3227; x_wconf 91' lang='lat' dir='ltr'><strong>rudem,</strong></span> <span class='ocrx_word' id='word_1_283' title='bbox 709 3151 834 3212; x_wconf 88' lang='lat' dir='ltr'><strong>tabulam</strong></span> <span class='ocrx_word' id='word_1_284' title='bbox 850 3153 919 3212; x_wconf 91' lang='lat' dir='ltr'><strong>ilico</strong></span> <span class='ocrx_word' id='word_1_285' title='bbox 937 3154 1013 3211; x_wconf 89' lang='lat' dir='ltr'><strong>misit</strong></span> <span class='ocrx_word' id='word_1_286' title='bbox 1030 3152 1112 3212; x_wconf 92' lang='lat' dir='ltr'><strong>admo</strong></span> 
     </span>
     <span class='ocr_line' id='line_1_36' title="bbox 129 3233 1164 3317; baseline 0.013 -27"><span class='ocrx_word' id='word_1_287' title='bbox 129 3251 201 3292; x_wconf 90' lang='lat' dir='ltr'><strong>nens</strong></span> <span class='ocrx_word' id='word_1_288' title='bbox 214 3237 359 3315; x_wconf 90' lang='lat' dir='ltr'><strong>populum,</strong></span> <span class='ocrx_word' id='word_1_289' title='bbox 376 3242 488 3315; x_wconf 78' lang='lat' dir='ltr'><strong>quanto</strong></span> <span class='ocrx_word' id='word_1_290' title='bbox 501 3253 595 3314; x_wconf 86' lang='lat' dir='ltr'><strong>opere</strong></span> <span class='ocrx_word' id='word_1_291' title='bbox 605 3233 720 3296; x_wconf 85' lang='lat' dir='ltr'><strong>liberos</strong></span> <span class='ocrx_word' id='word_1_292' title='bbox 731 3235 891 3316; x_wconf 78' lang='lat' dir='ltr'><strong>suscipere</strong></span> <span class='ocrx_word' id='word_1_293' title='bbox 901 3235 1034 3314; x_wconf 80' lang='lat' dir='ltr'><strong>deberet,</strong></span> <span class='ocrx_word' id='word_1_294' title='bbox 1050 3253 1164 3317; x_wconf 83' lang='lat' dir='ltr'><strong>qaosss</strong></span> 
     </span>
     <span class='ocr_line' id='line_1_37' title="bbox 129 3315 1219 3399; baseline 0.006 -25"><span class='ocrx_word' id='word_1_295' title='bbox 129 3315 246 3377; x_wconf 80' lang='lat' dir='ltr'><strong>videret</strong></span> <span class='ocrx_word' id='word_1_296' title='bbox 268 3325 296 3379; x_wconf 83' lang='lat' dir='ltr'><strong>et</strong></span> <span class='ocrx_word' id='word_1_297' title='bbox 316 3319 490 3399; x_wconf 73' lang='lat' dir='ltr'><strong>gladiatori</strong></span> <span class='ocrx_word' id='word_1_298' title='bbox 507 3319 671 3398; x_wconf 82' lang='lat' dir='ltr'><strong>praesidio</strong></span> <span class='ocrx_word' id='word_1_299' title='bbox 689 3319 874 3399; x_wconf 74' lang='lat' dir='ltr'><strong>gratiaeque</strong></span> <span class='ocrx_word' id='word_1_300' title='bbox 886 3338 963 3382; x_wconf 88' lang='lat' dir='ltr'><strong>esse.</strong></span> <span class='ocrx_word' id='word_1_301' title='bbox 985 3321 1080 3381; x_wconf 86' lang='lat' dir='ltr'><strong>Edidit</strong></span> <span class='ocrx_word' id='word_1_302' title='bbox 1097 3329 1127 3380; x_wconf 86' lang='lat' dir='ltr'><strong>ct</strong></span> <span class='ocrx_word' id='word_1_303' title='bbox 1218 3385 1219 3394; x_wconf 10' lang='grc' dir='ltr'>χ</span> 
     </span>
     <span class='ocr_line' id='line_1_38' title="bbox 87 3399 1126 3486; baseline 0.01 -30"><span class='ocrx_word' id='word_1_304' title='bbox 87 3423 89 3430; x_wconf 55' lang='lat'><em>2</em></span> <span class='ocrx_word' id='word_1_305' title='bbox 128 3399 156 3457; x_wconf 89' lang='lat' dir='ltr'><strong>in</strong></span> <span class='ocrx_word' id='word_1_306' title='bbox 180 3399 282 3460; x_wconf 85' lang='lat' dir='ltr'><strong>lilartio</strong></span> <span class='ocrx_word' id='word_1_307' title='bbox 306 3421 407 3482; x_wconf 88' lang='lat' dir='ltr'><strong>campo</strong></span> <span class='ocrx_word' id='word_1_308' title='bbox 430 3406 673 3484; x_wconf 83' lang='lat' dir='ltr'><strong>expugnationem</strong></span> <span class='ocrx_word' id='word_1_309' title='bbox 699 3403 946 3484; x_wconf 83' lang='lat' dir='ltr'><strong>direptionemque</strong></span> <span class='ocrx_word' id='word_1_310' title='bbox 970 3405 1070 3486; x_wconf 87' lang='lat' dir='ltr'><strong>oppidi</strong></span> <span class='ocrx_word' id='word_1_311' title='bbox 1090 3403 1126 3466; x_wconf 91' lang='lat' dir='ltr'><strong>ad</strong></span> 
     </span>
    </p>
   </div>
   <div class='ocr_carea' id='block_1_3' title="bbox 126 3477 1219 3568">
    <p class='ocr_par' dir='ltr' id='par_1_3' title="bbox 126 3477 1219 3608">
     <span class='ocr_line' id='line_1_39' title="bbox 126 3477 1219 3568; baseline 0.007 -26"><span class='ocrx_word' id='word_1_312' title='bbox 126 3483 278 3560; x_wconf 84' lang='lat' dir='ltr'><strong>imaginem</strong></span> <span class='ocrx_word' id='word_1_313' title='bbox 294 3484 429 3547; x_wconf 91' lang='lat' dir='ltr'><strong>bellicam</strong></span> <span class='ocrx_word' id='word_1_314' title='bbox 445 3497 473 3546; x_wconf 83' lang='lat' dir='ltr'><strong>et</strong></span> <span class='ocrx_word' id='word_1_315' title='bbox 495 3486 668 3549; x_wconf 88' lang='lat' dir='ltr'><strong>deditionem</strong></span> <span class='ocrx_word' id='word_1_316' title='bbox 684 3487 846 3549; x_wconf 91' lang='lat' dir='ltr'><strong>Britanniae</strong></span> <span class='ocrx_word' id='word_1_317' title='bbox 864 3508 983 3568; x_wconf 88' lang='lat' dir='ltr'><strong>regum,</strong></span> <span class='ocrx_word' id='word_1_318' title='bbox 1006 3508 1126 3568; x_wconf 85' lang='lat' dir='ltr'><strong>praese·</strong></span> <span class='ocrx_word' id='word_1_319' title='bbox 1196 3477 1219 3546; x_wconf 48' lang='grc' dir='ltr'>Ὗ</span> 
     </span>
    </p>
   </div>
   <div class='ocr_carea' id='block_1_4' title="bbox 0 0 1238 3896">
    <p class='ocr_par' dir='ltr' id='par_1_4' title="bbox 0 0 1238 3896">
     <span class='ocr_line' id='line_1_40' title="bbox 0 0 1238 3896; baseline 0 0"><span class='ocrx_word' id='word_1_320' title='bbox 0 0 1238 3896; x_wconf 95' lang='lat' dir='ltr'><strong> </strong></span> 
     </span>
    </p>
   </div>
  </div>
 </body>
</html>
