2466 3896
158 216 218 278 tto
248 228 278 275 c.
292 222 581 286 scamandrenus.
597 227 644 272 uu
659 225 741 274 vrrs
759 225 940 274 cassanum
959 228 1027 277 nm.
1040 228 1105 275 1111.

157 383 243 442 mimo
261 379 505 459 praetermodum
524 383 726 459 intemperans.
768 381 903 460 Repetite
923 399 1025 459 caena,
1046 401 1147 443 renun-

158 465 253 524 tiantis
276 471 407 523 coactum
425 481 528 541 agmen
553 466 627 525 sicut
648 473 729 524 erant
749 463 886 524 loricatos
912 465 946 526 ad
969 429 1147 526 dishumben·

134 548 136 553 ’
158 549 223 607 dum
237 546 402 607 adhortatus
424 557 477 606 est.
520 548 629 608 Monuit
650 549 733 607 etiam
758 550 907 608 notissimo
929 549 1035 626 Virgili
1052 569 1148 627 versu,
1206 575 1218 628 q

46 677 49 681 -
158 633 309 692 durarent
322 632 525 710 secundisque
538 651 573 692 se
586 631 680 692 rebus
694 640 865 693 servorem.
1217 649 1218 702 ι

219 716 318 793 Atque
337 715 411 775 inter
428 715 499 776 baec
520 716 667 776 absentem
686 726 814 776 senatum
828 716 1022 796 populumque
1038 721 1148 796 gravis·
1158 739 1173 779 ι

160 801 231 858 simo
254 798 416 876 obiurgavit
435 800 545 876 edicto,
568 800 644 877 quod
666 798 805 861 Caesare
817 801 992 879 proeliante
1009 809 1039 863 et
1057 802 1151 864 tontis

160 882 387 942 discriminibus
414 882 548 959 obiecto,
575 883 753 960 tempestiva
784 885 944 961 conuicia,
977 884 1094 946 ιὲιιιιιιι
1123 894 1152 948 et

116 967 281 1031 aothcatra
296 973 481 1028 etcmoenos
495 985 636 1028 secessus
652 967 851 1028 celebrarent
895 969 1046 1029 Postremo
1069 973 1152 1049 quasi
1210 973 1218 995 '¹

160 1060 375 1151 perpetraturus
393 1050 517 1129 bellum,
539 1051 647 1112 directa
673 1053 735 1110 acie
751 1055 779 1111 iu
794 1052 880 1112 litore
896 1053 1004 1113 Oceani
1019 1072 1054 1114 ac
1069 1054 1151 1115 balli·
1217 1047 1218 1124 l

159 1137 210 1197 stis
224 1135 420 1215 machinisque
435 1096 596 1214 dispositis,
619 1137 732 1194 nemine
746 1153 837 1212 gnaro
854 1145 902 1197 aut
916 1137 1052 1215 opinante
1070 1138 1218 1224 quid·
1161 1155 1185 1196 ιι

159 1238 222 1280 nam
237 1230 393 1298 coepturus
416 1227 513 1295 esset,
545 1229 666 1298 repente
684 1228 714 1277 ut
734 1219 860 1279 conchas
882 1220 1016 1297 legerent
1035 1221 1151 1298 galeas-
1217 1231 1218 1234 ’

160 1322 216 1382 que
239 1312 268 1363 et
297 1306 374 1364 sinus
404 1304 553 1383 replerent
580 1304 746 1381 imperavit,
779 1303 881 1381 spolia
904 1302 1022 1364 Oceani
1041 1322 1152 1365 vocans
1217 1307 1218 1362 3

159 1387 314 1467 Capitolio
330 1387 512 1466 Palatioque
526 1385 646 1462 dehita,
674 1388 746 1446 etin
761 1387 894 1447 indicium
910 1389 1051 1448 victoriae
1072 1388 1150 1449 altis-

158 1473 257 1533 simam
271 1481 377 1531 turrem
391 1472 543 1548 excitavit,
566 1490 604 1531 ex
621 1489 676 1550 qua
692 1479 722 1530 ut
736 1471 828 1532 Pharo
846 1471 979 1531 noctibus
996 1471 1032 1532 ad
1047 1491 1150 1550 regen·
1204 1473 1218 1528 'l

157 1556 211 1617 dos
232 1557 343 1616 navium
365 1573 466 1615 cursus
491 1555 575 1632 ignes
601 1556 770 1624 emicarent;
805 1558 1043 1634 pronuntiatoque
1071 1557 1151 1616 militi
1162 1565 1186 1608 ¹⁵

158 1640 293 1700 donatiuo
324 1638 452 1698 centenis
480 1639 582 1697 viritim
606 1639 747 1716 denariis,
770 1639 850 1717 quasi
878 1656 962 1699 omne
989 1639 1152 1718 exemplum

157 1722 338 1784 liberalitatis
357 1739 565 1800 supergressus
586 1719 693 1798 Abite,
713 1723 818 1801 inquit,
841 1721 931 1800 laeti,
961 1722 1044 1784 obite
1067 1723 1150 1784 locu·

155 1807 273 1886 pletas!
1211 1803 1218 1856 l

116 1902 148 1956 tt
223 1889 387 1951 Gouversus
407 1887 474 1948 hinc
488 1890 524 1949 ad
545 1907 641 1950 curam
661 1889 807 1969 triumphi,
831 1899 948 1970 praeter
969 1892 1102 1970 captivos
1118 1911 1153 1951 ac

158 1974 322 2050 transfugas
343 1972 483 2034 barbaros
497 1972 649 2034 Galliarum
664 1991 779 2074 qnoque
804 1975 1038 2053 procerissimum
1056 1993 1153 2054 quem·
1141 1987 1185 2029 -ιι

159 2076 216 2138 que
243 2067 272 2117 et
299 2059 367 2138 (ut
359 2076 422 2137 rpse
437 2057 567 2135 dicebat)
591 2047 910 2138 ἇξιοθριάμβευτον,
941 2077 975 2118 ac
998 2060 1181 2120 nonnullos

158 2162 197 2202 ex
213 2141 390 2221 principibus
403 2142 475 2220 legit
490 2161 524 2203 ac
545 2144 675 2222 seposuit
695 2143 729 2203 ad
750 2159 899 2222 pompam,
923 2143 1079 2222 coegitque
1095 2161 1154 2203 non

157 2236 264 2286 tantum
292 2225 410 2286 mtilare
438 2233 467 2285 et
494 2229 670 2287 summittere
699 2245 824 2303 comam,
857 2226 910 2286 sed
937 2235 966 2286 et
991 2244 1154 2287 sermonem
1200 2225 1218 2276 d

159 2311 356 2370 Germanicum
374 2309 524 2370 addiscere
538 2319 568 2370 et
583 2311 696 2371 nomina
709 2309 861 2371 barbarica
875 2311 964 2370 ferre.
1000 2310 1156 2390 Praecepit

161 2393 244 2451 etiam
259 2395 397 2470 triremis,
418 2393 521 2470 quibus
542 2395 690 2454 introierat
710 2394 871 2470 Oceanum,
892 2412 996 2471 magna
1018 2413 1056 2454 ex
1070 2404 1188 2473 partes

159 2476 261 2534 itinere
283 2478 413 2536 terrestri
433 2476 554 2539 Romam
574 2478 687 2538 devehi.
718 2479 840 2558 Scripsit
861 2487 891 2536 et
905 2477 1155 2557 procuratoribus,

159 2558 330 2638 triumphum
358 2572 531 2641 appararent
555 2581 637 2642 quam
661 2563 773 2623 minima
799 2580 922 2637 summa,
955 2561 1006 2621 sed
1033 2571 1156 2640 quantus

159 2663 309 2723 numquam
334 2645 405 2705 alius
431 2646 548 2722 inisset,
574 2646 687 2724 quando
713 2647 741 2706 iu
764 2648 887 2706 omnium
909 2645 1052 2705 homiuum
1078 2645 1157 2706 bona

159 2732 203 2791 ius
216 2728 365 2790 haberent.

15 2863 17 2868 .
119 2827 152 2881 28
223 2815 304 2875 Prius
320 2831 402 2893 quam
421 2814 568 2893 prouincia
583 2812 754 2891 decederet,
772 2814 922 2873 consilium
936 2813 998 2873 iniit
1013 2813 1191 2875 ueiaudaest

159 2898 334 2974 atrocitatis,
357 2897 506 2976 legiones,
529 2917 602 2978 quae
624 2906 692 2979 post
717 2916 869 2958 excessum
891 2896 1016 2974 Augusti
1038 2896 1158 2958 seditio-

159 3001 224 3043 nem
245 2982 313 3042 olim
332 2991 498 3059 moverant,
528 2981 757 3059 contrucidandi,
788 2980 864 3060 quod
887 2990 915 3041 et
941 2997 1052 3059 patrem
1074 2999 1158 3041 suum
1198 3043 1200 3048 ,

159 3067 356 3128 Germanicum
374 3066 476 3126 ducem
491 3073 520 3125 et
535 3084 567 3126 se
585 3066 720 3126 infantem
736 3074 803 3125 tunc
825 3063 1025 3140 obsedissent,
1048 3065 1158 3143 vixque

159 3159 247 3210 atam
268 3151 420 3229 praecipiti
438 3151 614 3226 cogitatione
629 3157 795 3224 revocatus,
826 3146 949 3208 inhiberi
973 3147 1158 3208 nullomodo

160 3235 251 3310 potuit
274 3235 341 3310 quin
365 3234 510 3294 decimare
538 3232 615 3292 velle
645 3241 859 3312 perseveraret.
902 3234 1030 3292 Vocatus
1057 3231 1195 3310 itaquess

160 3313 197 3373 ad
213 3317 381 3376 concionem
397 3319 537 3392 inermes,
558 3325 643 3392 atque
667 3317 751 3374 etiam
769 3315 874 3390 gladiis
895 3315 1051 3393 depositis,
1074 3315 1158 3390 equi·
1217 3347 1218 3352 κ

160 3404 218 3456 tatu
230 3407 336 3456 umato
349 3397 543 3457 circumdedit.
588 3397 646 3456 Sed
669 3416 732 3455 cum
753 3396 864 3455 videret
884 3405 1020 3473 suspecta
1042 3415 1074 3453 re
1093 3396 1158 3472 ple-

159 3497 270 3558 rosque
291 3479 376 3534 dilabi
393 3479 428 3536 ad
447 3479 615 3536 resumenda
632 3480 725 3555 siqua
743 3479 786 3536 vis
801 3479 884 3536 lieret
904 3494 999 3553 arma,
1025 3477 1161 3555 profugit
1217 3483 1218 3510 l
