2466 3896
151 209 211 272 148
255 221 286 268 c.
298 219 447 269 ausroru
463 221 590 280 uacuo.
603 222 651 268 nn
666 221 749 268 vrrn
765 221 948 270 consanum
963 222 1032 270 nra.
1046 223 1079 270 v.

148 378 195 456 pia
216 376 345 436 decrevit
367 383 396 434 et
419 374 578 435 Germanici
604 391 766 454 cognomen
789 378 845 456 ipsi
867 378 1052 456 posterisque
1076 379 1149 439 eius.

147 461 251 522 Fuisse
268 469 360 520 autem
377 458 502 518 creditur
516 477 573 520 non
588 463 680 519 minus
695 460 819 538 gloriosi
835 479 919 538 quam
938 461 1031 520 civilis
1047 465 1149 532 animi;

147 564 211 605 nam
227 563 264 604 ex
278 545 363 604 hoste
378 561 466 621 super
488 546 626 604 victorias
648 547 742 622 opima
763 562 879 622 quoque
896 545 991 624 spolia
1012 556 1150 625 captasse
1220 601 1221 606 ,

148 645 315 708 summoque
336 629 453 706 saepius
474 627 638 688 discrimine
660 628 749 688 duces
772 627 977 689 Germanorum
1001 637 1061 690 tota
1085 634 1150 691 acie
1218 645 1221 680 ι’

148 715 319 782 insectatus;
352 729 408 770 nec
434 711 629 773 dissimulasse
655 731 786 790 umquam
816 713 965 792 pristinum
991 731 1024 772 se
1050 716 1094 773 rei
1119 734 1174 794 p.5

148 805 250 858 statum
297 796 469 876 quandoque
501 806 617 875 posset,
650 799 854 857 restituturum.
871 804 878 882 q
898 797 982 858 Unde
1013 799 1149 858 existimo

14 843 301 968 meponrmllos
320 880 435 940 tradere
457 898 560 956 ausos,
592 889 758 960 suspectum
786 899 849 940 eum
873 880 1006 959 Augusto
1027 899 1149 942 revoca·
1220 925 1221 949 ,

147 974 262 1043 tumque
284 985 321 1025 ex
343 966 492 1044 provincia
522 975 549 1026 et
573 965 639 1043 quia
660 973 858 1042 cunctaretur,
886 966 1076 1043 interceptum
1100 961 1149 1026 de·
1220 1007 1221 1048 p

146 1066 231 1109 neno.
282 1049 366 1126 Quod
400 1049 530 1127 equidem
562 1049 654 1126 magis
683 1067 720 1108 ne
750 1049 1010 1128 praetermitterem
1039 1050 1149 1126 rettuli,

148 1152 231 1213 quam
259 1135 323 1214 quia
356 1152 456 1194 verum
484 1142 531 1192 aut
556 1135 619 1192 veri
650 1133 742 1192 simile
770 1140 883 1212 putem,
910 1151 973 1193 cum
999 1132 1183 1211 Augustusne

146 1226 225 1278 tanto
243 1235 334 1296 opere
356 1227 385 1278 et
405 1219 501 1276 vivum
516 1217 664 1294 dilexerit,
694 1226 724 1277 ut
745 1216 921 1277 coheredem
941 1235 1057 1296 semper
1080 1217 1149 1294 fllllfl
1165 1223 1206 1274 cat

147 1303 313 1377 instituerit,
344 1303 417 1361 sicut
439 1301 581 1381 quondam
604 1303 632 1360 in
655 1311 755 1361 senatu
777 1301 929 1381 professus
954 1312 1014 1379 est,
1044 1310 1073 1360 et
1099 1301 1148 1361 de·

146 1387 272 1446 functum
293 1387 331 1446 ita
352 1404 406 1464 pro
428 1387 570 1445 concione
592 1384 767 1462 laudaverit,
801 1395 830 1444 ut
852 1385 923 1445 deos
941 1395 1077 1465 precatus
1102 1387 1148 1462 sit,

146 1470 261 1530 similes
277 1470 306 1529 ei
322 1467 477 1530 Caesarea
503 1487 578 1530 auos
593 1468 750 1546 facerent,
773 1469 894 1548 sibique
907 1475 970 1530 tom
989 1469 1149 1530 honestum

147 1553 330 1632 quandoque
351 1554 465 1613 exitum
481 1553 594 1613 dorent
609 1571 699 1633 quom
716 1553 763 1614 illi
781 1553 946 1614 dedissent.
990 1553 1054 1612 Nec
1079 1571 1146 1612 con·
1159 1574 1181 1613 ra
1220 1615 1221 1626 ,

12 1630 130 1691 detti
146 1646 240 1696 tentus
271 1636 396 1713 elogium
425 1637 532 1697 tumulo
561 1638 622 1696 eius
651 1637 783 1697 versibus
810 1656 826 1697 a
852 1656 885 1697 se
911 1637 1082 1717 compositis
1108 1638 1147 1694 in·
1220 1687 1221 1724 ,

147 1719 324 1798 sculpsisse,
352 1722 436 1780 etiam
452 1722 527 1780 vitae
543 1723 708 1781 memoriam
724 1739 811 1799 prosa
828 1723 959 1782 oratione
976 1723 1146 1801 composuit.

17 1807 162 1892 ,pomuli
206 1804 251 1864 Ex
268 1804 392 1864 Antonia
409 1806 519 1880 minuare
543 1805 707 1883 complures
729 1805 842 1884 quidem
861 1805 971 1866 liberos
991 1805 1069 1881 tulit,
1098 1823 1147 1864 ve·
1220 1827 1221 1840 ¹

59 1937 76 1952 ..
99 1854 206 1947 'Ullum
226 1897 286 1947 tres
308 1889 422 1948 omnino
439 1889 574 1968 reliquit:
597 1889 805 1965 Germanicum,
831 1888 971 1966 bivillam,
989 1887 1146 1950 Claudium.
1220 1915 1221 1982 p

69 1955 100 2014 {r
112 1982 130 2035 t
210 1970 346 2033 Claudius
360 1982 502 2075 natusest
516 1973 589 2072 Iulio
608 1974 753 2096 Aptpnio,
783 1973 875 2073 Fabio
891 1972 1036 2073 Africano·
1049 1991 1144 2073 conss.
1157 1993 1182 2035 aa
1220 2023 1221 2030 ,

12 2071 101 2158 *Ν
144 2056 469 2219 {initiabilis
489 2059 709 2222 ,illliinlle
725 2075 1013 2203 ttutttttdt.
1027 2056 1148 2201 ltili.

144 2225 213 2286 lllox
232 2227 322 2286 fratre
341 2229 451 2288 maiore
473 2227 500 2285 in
518 2227 618 2286 Iuliam
643 2226 778 2287 familiam
803 2225 957 2305 adoptato,
986 2225 1148 2303 Germanici
1220 2221 1221 2284 ἶ

96 2332 111 2367 a
146 2327 309 2387 cognomen
325 2313 487 2389 assumpsit.
530 2311 627 2371 Infans
643 2320 736 2370 autem
751 2310 1018 2390 relictusapatre,
1044 2327 1080 2369 ac
1095 2328 1150 2388 per
1208 2295 1221 2330 l

146 2409 229 2452 omne
247 2395 310 2477 iere
326 2396 467 2471 pueritiae
484 2403 570 2473 atque
586 2393 800 2455 adulescentiae
816 2403 929 2474 tempus
945 2396 1031 2454 variis
1056 2402 1085 2453 et
1106 2403 1182 2454 tert

144 2475 263 2536 pacibus
293 2476 401 2536 morbis
432 2479 612 2540 conflictatus
640 2489 700 2555 est,
732 2478 805 2538 adeo
833 2489 862 2538 ut
889 2479 982 2538 animo
1012 2477 1094 2538 simul
1120 2487 1149 2537 et
1220 2525 1221 2551 ,

146 2577 270 2640 corpore
286 2560 439 2637 hebetato,
469 2582 505 2621 ne
528 2581 687 2640 progressa
710 2562 824 2641 quidem
846 2571 941 2623 aetate
957 2562 1007 2622 ulli
1028 2561 1148 2641 publico
1220 2563 1221 2652 l

145 2645 321 2724 privatoque
344 2648 453 2705 muneri
475 2646 579 2707 habilis
607 2648 827 2707 existimaretur.
871 2646 926 2706 Diu
949 2655 1035 2724 atque
1062 2646 1148 2706 etiam
1220 2655 1221 2660 ’

144 2738 213 2807 post
227 2729 344 2789 tutelam
362 2739 511 2808 receptam
529 2731 615 2791 alieni
635 2731 744 2792 arbitrii
760 2739 789 2790 et
811 2730 863 2791 sub
881 2731 1058 2809 paedagogo
1077 2729 1147 2796 luit;

144 2832 227 2892 quem
249 2812 401 2874 barbarum
422 2822 451 2873 et
472 2814 539 2875 olim
561 2817 845 2895 superiumentarium
867 2834 905 2874 ex
928 2815 1067 2874 industria
1092 2812 1184 2872 sibico
1220 2789 1221 2858 l

143 2899 319 2976 appositum,
352 2908 382 2959 ut
397 2917 428 2958 se
446 2899 674 2977 quibuscumque
696 2899 732 2959 de
758 2901 852 2960 causis
876 2917 961 2977 quarn
978 2899 1150 2958 saevissime

144 2991 314 3058 coerceret,
344 2984 409 3062 ipse
427 2983 549 3062 quodam
568 2983 669 3044 libello
687 2985 882 3062 conqueritur.
928 2983 971 3042 Ob
989 2981 1064 3042 hanc
1080 2999 1149 3040 ean·

143 3065 207 3125 dem
234 3066 417 3126 valitudinem
444 3076 472 3126 et
500 3067 672 3145 gladiatorio
700 3086 835 3145 munere,
867 3067 944 3146 qood
970 3065 1054 3128 simul
1084 3083 1149 3124 cum

143 3148 232 3208 fratre
247 3151 403 3212 memoriae
419 3153 508 3228 patris
530 3152 650 3228 edebat,
682 3152 848 3230 palliolatus
863 3169 941 3213 novo
965 3167 1047 3211 more
1062 3167 1148 3228 prae·

144 3231 232 3299 sedll;
252 3243 281 3293 et
296 3243 384 3312 togae
400 3234 490 3295 virilis
507 3235 553 3296 die
573 3238 649 3296 circa
665 3235 786 3295 mediam
802 3245 916 3296 noctem
934 3239 995 3295 sine
1012 3233 1147 3294 sollemni
1158 3246 1184 3287 aa

108 3313 242 3378 aotficio
271 3317 376 3379 lectica
404 3320 432 3378 in
458 3318 631 3399 Capitolium
659 3321 733 3380 latus
759 3329 813 3380 est.
856 3318 1026 3400 Disciplinis
1052 3326 1148 3377 tamen

143 3396 312 3458 liberalibus
334 3402 369 3460 ab
388 3411 482 3463 aetate
498 3406 589 3482 prima
615 3420 673 3463 non
689 3403 865 3464 mediocrem
881 3421 1001 3482 operam
1017 3401 1149 3462 deditae
1192 3417 1197 3429 ¹

143 3498 235 3560 saepe
265 3485 463 3562 experimenta
491 3489 629 3567 cuiusque
655 3488 740 3548 etiam
761 3486 929 3567 publicavit.
973 3489 1082 3548 Verum
1110 3503 1148 3545 ne
1220 3501 1221 3570 q
