2466 3896
489 236 518 282 c.
543 237 726 285 cumcunl.
1042 221 1100 283 123

108 394 280 472 Transitque
296 392 332 453 ad
341 392 495 452 Antoniam
506 393 597 452 aviam
613 400 642 450 et
654 389 887 450 undevicensimo
900 389 1002 450 aetatis
1015 406 1099 468 anno,

9 485 10 498 ¹
108 480 219 540 accitus
236 475 364 555 Capreas
381 495 397 536 a
418 476 545 554 Tiberio,
562 493 618 535 uno
634 483 718 554 atque
736 474 839 535 eodem
854 474 900 534 die
914 483 1012 552 togam
1028 491 1097 533 sum·

9 585 10 598 ³
108 563 166 643 psit
178 560 353 640 barbamque
368 560 472 640 posuit,
488 561 549 620 sine
560 558 620 618 ullo
631 558 741 619 honore
755 559 848 638 qualis
859 558 1020 636 contigerat
1032 559 1099 618 tiro·

109 649 185 707 cinio
209 645 326 705 fratrum
348 647 419 705 eius.
464 643 518 704 llic
539 642 669 703 omnibus
686 643 796 703 insidiis
809 651 963 722 temptatus
984 641 1101 714 elicien-

80 733 177 791 stium
197 729 418 809 cogentiumque
433 747 466 788 se
488 726 524 789 ad
540 726 684 808 querelas,
703 726 808 787 nullam
822 744 953 806 umquam
969 722 1100 788 occasio·

107 832 174 876 nem
189 813 276 890 dedit,
292 813 410 892 perinde
423 812 576 873 obliterato
588 828 703 871 suorum
718 829 786 870 casu
798 829 832 872 ac
849 813 873 870 si
888 810 956 870 nihil
970 813 1101 890 cuiquam

108 897 277 966 accidisset;
288 915 362 975 quae
373 915 445 957 vero
456 898 520 975 ipse
534 904 692 975 pateretur,
704 894 864 954 incredibili
877 893 1102 955 dissimulatione

108 983 303 1042 transmittens
317 983 445 1060 tantique
461 983 488 1040 in
503 998 586 1040 auum
602 989 631 1039 et
650 982 697 1059 qni
718 981 796 1039 iuxta
811 988 892 1039 erant
908 977 1056 1056 obsequii,
1072 986 1103 1038 ut

108 1084 166 1128 uon
181 1067 321 1126 immerito
339 1066 376 1126 sit
391 1065 505 1142 dictum,
527 1083 584 1125 nec
599 1081 721 1124 emnem
738 1061 894 1123 meliorem
908 1062 1021 1139 allum,
1046 1081 1103 1122 nec

72 1170 100 1213 ro
110 1151 292 1212 deteriorem
310 1150 464 1211 dominum
482 1149 590 1228 faisse.
621 1148 760 1208 ¹Naturam
773 1156 867 1206 tamen
882 1164 999 1206 saevam
1015 1150 1141 1224 atquell

108 1234 282 1316 probrosam
298 1252 334 1294 ne
349 1244 416 1293 tunc
434 1234 548 1312 quidem
563 1232 693 1292 inhibere
708 1239 835 1312 poterat,
850 1231 917 1309 quin
934 1238 963 1288 et
978 1228 1101 1290 animad-

108 1318 291 1380 versionibus
307 1319 467 1396 poenisque
482 1317 517 1376 ad
532 1316 702 1396 supplicium
720 1315 848 1375 datorum
863 1313 1046 1394 cupidissime
1061 1314 1101 1373 in·

108 1411 253 1478 teresset,
279 1411 308 1461 et
329 1418 438 1478 ganeas
461 1409 548 1479 atque
562 1399 702 1461 adulteria
723 1399 924 1478 capillamento
947 1397 1057 1458 celatus
1073 1403 1103 1456 et

109 1495 194 1545 veste
208 1484 296 1562 longa
312 1483 445 1545 noctibus
461 1484 565 1562 obiret,
578 1502 613 1544 ac
629 1486 779 1545 scaenicas
791 1482 912 1544 saltandi
924 1481 1103 1560 canendique

70 1593 100 1636 os
110 1578 188 1630 artes
212 1568 419 1628 studiosissime
442 1576 613 1648 appeteret,
640 1568 727 1629 facilc
751 1567 780 1629 id
801 1587 870 1629 sane
890 1566 1008 1628 Tiberio
1030 1566 1101 1646 pati·

111 1663 189 1730 ente,
214 1655 237 1712 si
260 1671 315 1732 per
336 1652 388 1713 has
412 1654 593 1714 mansuefieri
617 1663 719 1732 posset
742 1653 834 1713 lerum
859 1655 921 1712 eins
945 1651 1101 1730 ingenium.

8 1787 11 1800 ,
112 1736 196 1812 Quod
214 1738 417 1814 sagacissimus
429 1756 520 1798 senex
535 1739 574 1798 ita
592 1755 711 1816 prorsus
728 1744 931 1816 perspexerat,
947 1744 977 1796 ut
992 1735 1101 1813 aliquo·

109 1823 184 1882 tiens
199 1820 389 1899 praedicaret,
407 1822 494 1882 exitio
509 1839 562 1881 suo
577 1823 757 1899 omniumque
778 1820 877 1883 Gaium
899 1821 1000 1879 vivere
1019 1828 1048 1879 et
1069 1837 1102 1879 se

108 1903 247 1964 natricem
267 1905 422 1983 [serpentis
438 1905 466 1964 id
481 1905 585 1983 genus]
603 1905 634 1964 P.
654 1906 689 1966 R.
709 1904 917 1965 Phaethontem
933 1903 996 1990 ophi
1011 1912 1101 1963 terra·

71 2003 170 2048 torum
186 1986 320 2047 educare.

121 2129 125 2136 ,
168 2070 234 2131 Non
255 2072 294 2130 ita
313 2071 402 2131 multo
424 2079 491 2151 post
507 2070 614 2130 Iuniam
631 2069 800 2131 Claudillam
819 2070 857 2132 tl.
875 2071 965 2131 Silani
982 2069 1146 2136 nobilis-12
1175 2123 1176 2126 ,

110 2155 172 2216 simi
187 2156 241 2214 viri
256 2154 289 2215 F.
308 2155 387 2215 duxit
402 2173 532 2215 uxorem.
558 2154 671 2214 Deinde
687 2171 777 2231 augur
790 2155 818 2214 in
832 2154 929 2214 locum
945 2153 1043 2213 fratris
1059 2154 1102 2212 sui

108 2239 196 2300 Drusi
211 2238 383 2316 destinatus,
404 2240 483 2318 prius
501 2256 584 2317 quam
606 2239 825 2314 inauguraretur
848 2237 884 2298 ad
907 2238 1102 2316 pontificatum

110 2323 255 2384 traductus
271 2333 315 2383 est
332 2325 436 2401 insigni
454 2323 618 2383 testimonio
640 2322 756 2401 pietatis
774 2330 859 2401 atque
880 2321 1000 2400 indolis,
1027 2340 1102 2398 curn,

77 2406 224 2467 tadeserta
240 2407 428 2486 desolataque
443 2406 562 2486 reliquis
584 2406 720 2467 subsidiis
735 2405 809 2484 aula,
831 2405 936 2466 Seiano
957 2407 1013 2467 iam
1035 2415 1102 2466 tunc

111 2500 249 2570 suspecto
260 2507 329 2552 mox
340 2501 369 2551 et
381 2508 537 2571 oppresso,
549 2490 586 2552 ad
601 2509 682 2571 spem
695 2491 890 2551 successionis
905 2490 1040 2570 paulatim
1054 2489 1101 2550 ad·

109 2584 286 2635 moveretur,
328 2576 418 2650 Quam
441 2592 498 2654 quo
521 2576 613 2652 magis
635 2575 832 2653 conlirmaret,
853 2577 956 2635 amissa
971 2574 1050 2634 Iunia
1065 2592 1103 2633 ex

110 2667 202 2738 partu,
218 2657 338 2719 Enniam
352 2659 501 2736 Naeviam,
517 2659 661 2720 Macronis
678 2675 806 2736 uxorem,
826 2661 945 2737 quitum
961 2658 1102 2738 praetori·

110 2743 172 2803 auis
189 2742 355 2802 cohortibus
367 2753 512 2822 praeerat,
526 2743 691 2803 sollicitavit
702 2742 739 2802 ad
753 2753 891 2822 stuprum,
908 2741 1055 2820 pollicitus
1073 2749 1101 2799 et

77 2826 316 2886 ”matrimonium
338 2845 432 2904 suum,
453 2827 477 2886 si
498 2828 606 2906 potitus
625 2826 746 2905 imperio
771 2827 885 2896 luisset;
908 2825 1002 2904 deque
1017 2842 1052 2898 ea
1067 2842 1100 2884 re

111 2917 141 2969 et
154 2910 216 2969 iure
233 2909 352 2970 iurando
376 2919 405 2970 et
427 2910 622 2989 chirographo
643 2911 727 2970 cavit.
771 2912 828 2972 Per
848 2911 923 2970 hanc
943 2910 1100 2969 insinuatus

8 3019 10 3026 ’
110 2992 251 3071 llaoroui,
266 3011 379 3054 veneno
394 2993 540 3054 Tiberium
555 2994 710 3070 adgressus
726 3004 784 3073 est,
805 3003 836 3054 ut
850 2992 963 3072 quidam
982 2993 1099 3071 opinan-

108 3085 164 3155 tur,
182 3078 358 3156 spirantique
375 3076 466 3139 adhuc
488 3078 598 3138 detrahi
614 3077 726 3138 anulum
742 3088 786 3156 et,
809 3077 941 3156 quoniam
959 3076 1100 3155 suspicio·

110 3178 175 3220 nem
188 3162 338 3222 retinentis
358 3161 458 3239 dabat,
476 3162 620 3241 pulvinum
636 3162 719 3221 iussit
733 3163 816 3238 inici,
839 3169 924 3239 atque
941 3162 1026 3220 etiam
1040 3159 1101 3220 fau-

81 3257 162 3304 taoes
177 3262 261 3304 mauu
277 3263 327 3306 sua
342 3246 500 3324 oppressit,
516 3246 631 3323 liberto,
649 3246 697 3323 qui
713 3246 751 3304 ob
767 3249 947 3307 atrocitatem
962 3244 1102 3306 facinoris

111 3327 337 3407 exclamaverat,
360 3331 512 3390 confestim
531 3330 561 3389 in
582 3347 696 3390 crucem
717 3339 792 3391 acto.
842 3327 906 3388 Nec
929 3327 1065 3389 abhorret
1086 3345 1102 3387 a

9 3421 10 3434 ¹
109 3412 242 3490 veritate,
257 3431 320 3473 cum
332 3414 388 3472 sint
402 3413 515 3493 quidam
527 3423 672 3490 auctores,
688 3413 782 3491 ipsum
794 3421 897 3492 postea
920 3413 974 3473 etsi
989 3430 1046 3473 non
1064 3410 1100 3469 de

110 3495 256 3576 perlecto,
268 3506 297 3556 at
309 3505 389 3557 certe
402 3497 437 3559 de
451 3498 577 3576 cogitato
591 3497 732 3577 quondam
748 3496 901 3580 parricidio
919 3498 1099 3578 professum:
