2466 3896
480 227 510 274 c.
530 225 714 275 cannense.
1037 216 1095 278 135

100 395 171 457 nae,
202 378 322 439 alterum
345 389 374 440 nt
394 380 548 441 verbosum
564 382 592 440 in
609 380 728 442 historia
744 383 1006 460 neglegentemque
1034 399 1096 442 car·

100 463 198 546 pebat.
240 463 285 524 De
304 465 374 524 iuris
398 482 514 544 quoque
536 465 691 542 consultis,
723 468 803 544 quasi
828 467 967 528 scientiae
996 482 1096 526 eornnr

21 553 28 567 ’
101 565 213 608 omnem
230 566 310 608 usum
332 548 507 625 aboliturus,
538 567 628 628 saepe
649 550 780 628 iactavit,
811 568 846 611 sc
861 549 1031 612 mehercule
1050 550 1094 630 es-

16 597 18 658 Ι
96 633 250 711 [acturum
269 651 307 694 ue
323 633 397 713 quid
415 634 604 713 respondere
620 633 743 710 possim
767 642 894 713 praeter
916 654 953 696 eu
1036 638 1140 703 lle-35

16 755 17 774 .
74 726 161 778 stera
189 717 357 778 familiarum
384 719 508 795 insignia
538 716 715 778 nobilissimo
743 720 846 798 cuique
872 719 992 797 ademi,
1024 719 1095 780 l'or·

99 809 187 880 quato
220 811 366 882 torquem,
399 800 567 862 Cincinnato
597 804 719 879 crinem,
756 801 815 863 GN.
838 803 977 883 Pompeio
997 804 1095 887 stirpis

98 886 232 964 antiquae
246 885 343 964 hlagni
365 903 536 964 cognomen.
580 886 789 964 Ptolemaeum,
815 886 850 948 de
869 905 924 966 quo
940 887 1042 964 retuli,
1066 896 1095 948 et

99 970 268 1030 arcessitum
294 989 311 1030 e
339 988 431 1049 regno
459 979 489 1032 et
512 979 665 1050 exceptum
688 970 863 1048 honorilice,
896 988 953 1032 non
979 971 1033 1031 alia
1059 971 1095 1031 de

99 1070 186 1113 cansa
203 1062 325 1134 repente
340 1056 500 1134 percussit,
529 1072 613 1136 quarn
629 1054 721 1134 qnod,
753 1054 858 1115 edente
873 1073 906 1116 se
921 1073 1031 1130 munus,
1053 1057 1093 1114 in·

62 1153 88 1194 ro
96 1156 229 1215 gressum
246 1138 415 1218 spectacula
427 1140 608 1200 convertisse
622 1138 766 1200 bominum
782 1138 884 1199 oculos
898 1139 1015 1216 fulgore
1028 1156 1093 1215 pur·

97 1239 206 1300 pureae
222 1222 337 1283 abollae
356 1222 563 1284 animadvertit.
594 1222 733 1283 Pulchros
749 1230 778 1281 et
792 1231 937 1298 comatos,
961 1222 1094 1300 quotiens

96 1305 154 1366 sibi
182 1315 385 1382 occurrerent,
417 1307 553 1386 occipitio
581 1324 649 1367 raso
681 1305 859 1386 deturpabat.
908 1305 979 1366 Erat
1008 1303 1094 1364 Esins

13 1447 21 1464 ,
94 1390 237 1451 Proculus
256 1399 338 1470 patre
359 1390 541 1469 primipilari,
571 1390 608 1451 ob
632 1392 780 1468 egregiam
803 1391 937 1470 corporis
965 1389 1093 1467 amplitu-

95 1473 192 1533 dinem
214 1482 244 1533 et
265 1475 395 1552 speciem
416 1472 593 1536 Colosseros
613 1474 719 1544 dictus;
749 1475 825 1536 hune
846 1472 1022 1555 spectaculis
1045 1471 1093 1531 de·

57 1565 220 1617 retractum
248 1566 371 1637 repente
404 1567 433 1618 et
461 1560 489 1619 in
513 1560 648 1622 harenam
672 1559 824 1621 deductum
846 1559 951 1622 Threci
972 1567 1001 1618 et
1026 1574 1095 1618 mox

94 1640 291 1720 hoplomacho
323 1645 513 1724 comparavit,
542 1642 646 1724 bisque
673 1644 813 1706 rictorem
843 1643 1002 1721 constringi
1030 1642 1094 1702 sine

11 1771 22 1812 ,
94 1742 178 1786 mora
193 1726 274 1785 iussit
289 1736 319 1786 et
337 1729 439 1806 pannis
455 1727 577 1790 obsitum
597 1729 711 1790 vicatim
729 1728 901 1790 circumduci
916 1745 951 1788 ac
969 1726 1093 1788 mulieri·

94 1809 150 1870 bus
170 1809 300 1888 ostendi,
323 1809 425 1872 deinde
446 1813 577 1890 iugulari.
621 1812 724 1873 Nullus
745 1812 870 1892 deniqne
885 1821 942 1872 tarn
960 1809 1093 1872 abiectae

96 1892 275 1954 condicionis
290 1903 403 1974 tamque
424 1906 570 1957 extremae
591 1897 677 1958 sortis
699 1897 767 1972 init,
798 1898 878 1957 cuius
897 1913 955 1955 non
969 1911 1093 1956 commo-

56 1993 83 2034 so
96 1977 140 2038 dis
159 1977 346 2039 obtrectaret.
388 1977 559 2040 Nemorensi
585 1982 666 2057 regi,
692 1978 768 2059 quod
791 1979 895 2040 multos
922 1980 978 2038 ianr
1003 1993 1094 2038 annos

95 2068 248 2143 poteretur
276 2061 459 2140 sacerdotio,
495 2063 664 2125 validiorem
691 2064 886 2124 adversarium
915 2060 1092 2122 subornavit.

10 2209 18 2236 ‚
96 2144 167 2206 Cum
192 2145 315 2225 quodam
341 2145 388 2207 die
413 2148 538 2208 muneris
564 2145 711 2208 essedario
730 2145 834 2230 Porio,
864 2145 901 2208 ob
922 2159 1092 2224 prosperam

96 2248 222 2308 pugnarn
242 2249 358 2291 serrum
379 2249 459 2291 snum
480 2232 701 2309 manumittenti,
726 2229 881 2291 studiosius
901 2228 1032 2309 plausum
1047 2245 1091 2286 es·

95 2323 156 2392 set,
184 2317 224 2376 ita
245 2315 387 2395 proripuit
410 2333 442 2375 se
462 2315 658 2396 spectaculis,
689 2323 720 2375 nt
741 2313 852 2375 calcata
875 2312 977 2374 lacinia
1004 2319 1092 2388 togae

58 2418 85 2458 es
95 2417 241 2478 praeceps
258 2418 312 2479 per
326 2398 433 2477 gradus
449 2400 518 2476 iret,
540 2397 767 2478 indignabundus
782 2406 811 2458 et
830 2396 977 2458 clamitans
996 2393 1090 2456 dosui-

94 2501 166 2543 rrum
184 2485 318 2563 pestium
336 2483 485 2562 populum
508 2501 548 2544 cn
565 2502 601 2545 re
618 2481 775 2544 levissuma
787 2481 861 2561 plus
879 2479 1007 2542 honoris
1023 2478 1090 2560 plu·

95 2566 212 2627 dictori
244 2566 423 2628 tribuentem
458 2585 550 2647 quam
583 2565 773 2631 consecretis
805 2563 1002 2646 principibus
1040 2568 1094 2623 aut

89 2651 253 2728 praesenti
266 2649 337 2710 sihi.

162 2733 319 2794 Pudicitiae
342 2751 436 2813 neque
452 2751 522 2793 suae
536 2751 631 2812 neque
645 2733 757 2795 alienae
777 2732 919 2814 pepercit.
954 2730 993 2792 hl.
1006 2729 1135 2808 Lepi-36
1217 2763 1218 2766 ¹

58 2817 175 2894 eodum,
207 2816 383 2879 hlnesterem
403 2817 619 2897 pantomimum,
648 2817 786 2898 quosdam
813 2815 931 2876 obsides
954 2812 1092 2873 dilexisse

93 2900 185 2961 fertur
206 2901 379 2961 commercio
402 2902 489 2960 mutui
515 2902 616 2981 stupri.
659 2900 795 2962 Valerius
817 2897 961 2973 Catullus,
989 2914 1091 2956 consu-

10 2988 23 3050 >
93 2982 147 3043 lari
167 2983 273 3046 familia
287 2985 414 3061 invenis,
444 2993 601 3065 stupratum
617 3004 634 3047 a
649 3003 683 3045 se
699 3003 735 3046 ac
752 2984 843 3045 latera
864 2981 918 3042 sibi
940 2978 1090 3041 contuber-

86 3067 141 3128 nio
160 3069 221 3128 eins
241 3068 358 3130 defessa
381 3069 466 3130 etiam
488 3069 663 3130 vociferatus
685 3077 740 3129 est.
784 3069 879 3147 Super
897 3081 1028 3126 sororum
1049 3065 1092 3123 in-

94 3160 175 3214 cesta
202 3161 232 3214 et
258 3151 435 3214 notissimum
455 3155 625 3232 prostitutae
646 3151 797 3229 l’prallidis
817 3167 943 3212 amorem
968 3166 1025 3210 non
1049 3156 1091 3208 te·

58 3253 173 3296 umere
187 3237 246 3298 nlla
260 3236 425 3298 inlustriore
440 3236 545 3299 femina
563 3237 711 3308 abstinuit;
742 3254 812 3317 quas
838 3235 1005 3315 plerumque
1028 3249 1091 3293 curn
1214 3299 1215 3308 χ

93 3321 200 3381 maritis
215 3321 251 3382 ad
267 3340 384 3383 caenam
400 3331 520 3383 vocatas
535 3330 709 3401 praeterque
725 3319 816 3400 pedes
834 3337 903 3380 suos
918 3317 1091 3378 transeuntis

10 3409 21 3464 t
94 3403 248 3482 diligenter
262 3423 297 3466 ae
317 3406 395 3466 lente
410 3406 595 3467 mercantium
613 3423 694 3467 more
715 3403 927 3480 considerabat,
943 3403 1027 3463 etiam
1048 3400 1090 3461 ia-

94 3505 168 3549 crem
181 3505 264 3550 mann
282 3488 435 3569 adlevans,
463 3491 490 3550 si
504 3509 578 3571 quae
594 3488 705 3571 pudore
723 3488 935 3558 submitterent:
957 3486 1090 3568 quotiens
1212 3477 1214 3635 1
