2468 3912
470 248 574 297 urvus
594 249 722 298 turnus.
1058 237 1097 297 25

101 413 160 481 tat,
179 421 242 462 eum
263 401 371 462 Caesar
392 403 531 483 pleraque
552 413 581 462 et
600 423 673 483 quae
690 423 744 483 per
763 404 836 464 alios
858 413 939 465 erant
959 414 1043 482 gesta
1058 412 1098 464 te-

100 507 181 548 mere
201 485 373 564 crediderit,
395 495 424 546 et
438 506 511 566 quae
525 506 579 567 per
592 506 639 565 se,
660 488 708 548 vel
727 489 860 549 consulto
875 488 924 548 vel
943 491 1027 549 ctiam
1040 505 1099 548 me·

10 605 14 640 1
101 573 193 633 moria
213 571 310 650 lapsus
333 589 487 650 perperam
508 570 644 642 ediderim
671 573 871 653 existimatque
893 575 1101 653 rescripturum

10 709 11 712 ,
101 666 131 717 ει
146 664 343 717 correcturum
357 655 457 714 luisse.
500 656 629 734 Reliquit
646 665 675 716 et
690 656 729 717 de
741 655 899 736 Anolopr'o
918 657 990 718 duos
1009 657 1101 716 libros

79 750 132 801 set
146 737 345 801 Anticatones
361 738 494 818 totidem,
511 759 545 800 ac
560 751 712 819 praeterea
727 758 832 820 poema
845 741 922 820 quod
935 742 1101 802 inscribitur

100 823 175 886 ltcr.
215 824 342 899 Quorum
363 823 502 884 librorum
521 827 628 903 primos
644 827 672 886 in
695 827 815 886 transitu
830 825 960 905 Alpium,
984 844 1101 886 eumer

102 911 238 969 citeriore
262 907 354 969 Gallia
376 908 566 982 conventibus
588 911 715 990 peractis
736 909 771 969 ad
798 911 956 970 exercitum
980 911 1099 987 rediret,

100 1002 257 1072 sequentes
277 991 330 1051 sub
353 1001 464 1072 tempus
485 993 776 1073 Mundensis-proelii
797 993 881 1064 fecit;
903 995 1100 1072 novissimum,

75 1078 165 1138 dum
178 1077 213 1136 ab
228 1075 324 1136 urbe
316 1095 345 1135 ιι
359 1077 525 1156 Hispaniam
540 1077 707 1137 ulteriorem
721 1086 821 1157 quarto
836 1086 864 1137 et
879 1080 1038 1138 vicensimo
1054 1078 1100 1138 die

65 1163 244 1242 supervenit.
288 1161 438 1239 Epistulae
450 1180 572 1261 quoque
597 1161 713 1222 eiusad
736 1170 865 1222 senatum
890 1170 1003 1240 extant,
1030 1181 1100 1241 quas

101 1249 208 1346 primus
226 1244 340 1305 videtur
360 1245 396 1306 ad
418 1248 538 1324 paginas
554 1255 582 1306 et
602 1246 722 1307 formam
736 1246 911 1305 memorialis
925 1244 1016 1307 libelli
1032 1263 1100 1306 con-

100 1332 241 1408 vertisse,
271 1348 334 1390 cum
358 1339 442 1390 antea
465 1331 601 1390 consules
628 1339 657 1390 et
680 1330 769 1391 duces
796 1331 910 1389 nonnisi
935 1323 1100 1390 transversa

102 1415 200 1476 charta
216 1377 340 1493 s’criptas
359 1417 514 1474 mitterent.
547 1415 654 1475 Extant
672 1424 702 1475 et
720 1415 755 1476 ad
771 1413 959 1491 Ciceronem,
979 1417 1047 1474 item
1066 1413 1101 1474 ad

10 1505 16 1518 ”
99 1501 256 1560 familiares
278 1497 445 1558 domesticis
467 1498 503 1559 de
522 1499 658 1576 rebus,'
650 1518 678 1559 m
699 1499 818 1579 quibus,
839 1500 863 1557 si
884 1517 939 1578 qua
957 1499 1100 1559 occultius

62 1603 88 1644 rs
99 1583 276 1664 perferenda
291 1591 388 1659 eraut,
411 1603 464 1662 per
489 1592 572 1644 notas
597 1585 727 1664 scripsit,
751 1584 780 1644 id
800 1592 846 1643 est
865 1585 908 1643 sic
930 1592 1040 1644 structo
1056 1583 1100 1642 lit·

97 1677 225 1728 terarum
241 1666 357 1744 ordine,
374 1677 404 1727 ut
422 1667 527 1728 nullum
544 1669 662 1728 verbum
677 1670 754 1729 effici
769 1677 887 1749 posset:
909 1670 1022 1748 quaesi
1037 1669 1100 1748 quis

96 1752 277 1828 investigare
292 1761 320 1810 et
335 1754 472 1832 persequi
488 1754 584 1831 volet,
600 1763 727 1833 quartam
744 1753 952 1814 elementorum
966 1753 1100 1827 litteram,

96 1837 129 1896 id
143 1843 188 1895 est
202 1835 227 1894 Ι)
243 1852 296 1914 pro
312 1835 339 1895 Α
354 1845 383 1896 et
399 1837 520 1916 perinde
534 1838 661 1916 reliquas
677 1847 840 1898 commutet.
883 1836 1025 1897 Feruntur
1041 1846 1070 1896 et
1086 1855 1101 1896 a

96 1937 193 2002 puero
209 1927 237 1979 et
254 1918 288 1978 ab
305 1919 522 1980 adulescentulo
540 1921 678 2019 quaedam
693 1924 816 2000 scripta,
838 1930 869 1979 ut
884 1919 1009 1981 Laudes
1022 1919 1100 1981 licr-

60 2003 195 2102 accolis,
222 2003 373 2080 tragoedia
399 2001 552 2082 Oedipus,
580 2006 647 2064 item
672 2005 766 2066 Dicto
795 2004 1001 2065 collectaneo:
1029 2021 1101 2082 quos

99 2089 194 2148 omnis
220 2087 338 2147 libellos
363 2089 454 2148 vetuit
472 2087 619 2166 Augustus
640 2089 815 2168 publicari
807 2107 834 2146 ru
856 2088 993 2167 epistula,
1019 2105 1102 2186 quam

98 2172 221 2233 brevem
241 2171 392 2233 admodum
412 2190 447 2232 ac
467 2173 628 2252 simplicem
650 2173 684 2234 ad
706 2173 872 2251 Pompeium
892 2172 1034 2248 llacrum,
1057 2173 1101 2229 cui

100 2255 273 2316 ordinandas
288 2256 483 2318 bibliothecas
498 2257 705 2336 delegaverat,
720 2259 806 2316 misit

165 2340 316 2401 Armorum
338 2351 366 2401 et
388 2343 533 2422 equitandi
560 2343 768 2421 peritissimus,
791 2339 900 2401 laboris
921 2340 994 2400 ultra
1018 2339 1143 2400 ademar

62 2447 90 2488 rs
101 2426 215 2503 patiens
231 2436 302 2486 erat.
333 2426 365 2486 lu
383 2429 497 2504 agmine
513 2444 722 2506 nonnumquam
739 2442 830 2504 equo,
846 2425 962 2503 saepius
979 2423 1101 2503 pedibus

100 2509 244 2586 anteibat,
263 2511 358 2589 capite
376 2511 509 2590 detecto,
532 2529 584 2570 sea
605 2511 651 2571 sol
670 2529 722 2570 seu
742 2510 835 2569 imber
852 2518 946 2579 esset;
965 2508 1101 2587 longissi-

98 2611 160 2654 mas
184 2611 246 2652 uras
270 2593 433 2656 incredibili
454 2595 604 2656 celeritate
627 2595 773 2671 coniecit,
797 2594 963 2674 expeditus,
985 2595 1101 2652 merito-

99 2678 143 2737 ria
159 2677 245 2754 reda,
269 2687 391 2739 centena
406 2697 541 2758 passuum
558 2680 635 2740 milia
651 2681 679 2738 in
697 2679 829 2756 singulos
847 2679 924 2748 dies;
948 2679 972 2736 si
989 2677 1102 2737 flumina

100 2771 298 2840 morarentur,
318 2763 412 2824 nando
434 2766 571 2824 traiciens
596 2764 644 2823 vel
665 2766 777 2824 innixus
800 2763 903 2822 inllatis
924 2761 1050 2835 utribus,
1073 2767 1104 2817 ut

67 2863 91 2905 ro
102 2863 248 2924 persaepe
263 2849 378 2907 nuntios
397 2847 433 2907 de
450 2867 484 2907 se
501 2850 695 2927 praevenerit.
730 2847 762 2907 ln
779 2847 919 2907 obeundis
941 2843 1146 2923 expeditio-58

100 2928 184 2989 uibus
200 2929 315 2990 dubium
333 2934 445 2992 cautior
460 2951 496 2992 an
511 2931 677 3010 audentior,
700 2934 859 2992 exercitum
876 2947 971 3008 neque
989 2945 1043 3007 per
1061 2929 1102 2986 in-

101 3012 210 3074 sidiosa
231 3017 335 3076 itinera
357 3015 437 3076 duxit
453 3034 583 3095 umquam
600 3018 654 3075 nisi
671 3015 892 3095 perspeculatus
910 3014 1042 3073 locorum
1065 3012 1102 3069 si-

100 3104 160 3176 tus,
179 3117 274 3178 neque
292 3102 320 3160 in
335 3100 510 3161 Britanniam
525 3103 703 3177 transvexit,
729 3101 783 3159 nisi
800 3109 865 3159 ante
883 3115 935 3176 per
953 3114 985 3155 se
1003 3104 1103 3174 portus

102 3189 131 3240 et
155 3185 373 3261 navigationem
397 3194 426 3244 et
449 3203 600 3246 accessum
626 3185 661 3244 ad
687 3184 807 3244 insulam
833 3181 1027 3260 explorasset.
1065 3179 1104 3239 At

65 3265 193 3344 aridem,
218 3267 391 3328 obsessione
416 3278 575 3330 castrorum
596 3271 624 3328 in
641 3269 791 3330 Germania
810 3269 951 3342 nuntiata,
972 3283 1025 3343 per
1046 3273 1101 3324 sta-

101 3350 198 3410 tiones
222 3352 345 3412 bostium
364 3353 476 3415 Gallico
499 3353 597 3414 habitu
615 3354 778 3432 penetrauit
794 3352 829 3411 ad
850 3368 929 3410 suos.
966 3347 1102 3408 Α-Βιιι

102 3431 176 3496 disio
199 3435 390 3512 Dyrrachium
416 3440 491 3498 inter
519 3440 671 3518 oppositas
695 3438 805 3497 classes
828 3436 922 3497 hieme
947 3432 1103 3494 transmisit

10 3527 18 3540 ’
106 3519 344 3602 cessantibusque
362 3524 467 3602 copiis,
486 3542 555 3603 quas
571 3523 707 3604 subsequi
724 3523 857 3600 iusserat,
872 3540 935 3582 cum
950 3517 985 3580 ad
1002 3533 1102 3578 aecer·
