2468 3912
501 265 606 312 nrvus
624 264 749 313 muros.
1084 255 1122 316 13

130 437 186 499 que
208 419 336 479 ordinum
357 435 467 495 genere
487 419 534 478 vel
556 420 690 480 invitatos
711 419 758 479 vel
775 427 879 500 sponte
901 419 936 479 ad
951 438 983 479 se
1001 437 1123 480 comme·

129 504 202 563 antis
214 503 357 562 uberrimo
371 503 521 579 congiario
536 504 782 582 prosequebatur,
799 503 919 563 libertos
931 504 1049 583 insuper
1063 523 1124 563 ser·

27 619 29 622 v
130 587 272 666 vnlosqne
285 587 439 664 cuiusque,
455 595 539 665 prout
552 585 665 647 domino
682 597 842 666 patronave
856 595 956 664 gratus
970 589 1018 665 qui
1034 597 1122 648 esset.

130 671 200 732 Tum
220 688 336 730 reorum
355 679 402 748 aut
419 670 618 730 obaeratorum
638 680 684 730 aut
700 670 841 750 prodigae
858 673 1012 731 iuventutis
1032 670 1123 731 subsi-

106 755 204 820 sdinm
218 755 330 814 unicum
350 771 384 812 ao
402 755 641 832 promptissimum
657 764 735 831 erat,
758 756 812 813 nisi
836 771 909 832 quos
930 756 1048 832 gravior
1069 755 1123 815 cri·

128 840 232 899 minum
247 838 294 897 vel
310 838 425 916 inopiae
439 838 606 897 luxuriaeue
623 839 667 897 vis
680 847 815 915 urgeret,
837 856 920 917 quam
937 847 965 898 ut
977 839 1123 900 subveniri

130 931 231 1003 posset
249 940 265 982 a
287 939 334 991 se;
356 920 400 980 his
421 918 507 1000 plane
520 922 614 1001 palam
628 921 707 982 bello
727 922 810 982 cicili
824 939 903 999 opus
917 939 985 982 csse
999 923 1123 985 dicebat.

128 1006 192 1066 Nec
215 1007 323 1065 minore
346 1004 439 1065 studio
456 1023 544 1083 reges
565 1015 650 1084 atque
666 1006 833 1084 provincias
852 1024 906 1084 per
925 1015 1064 1067 terrarum
1080 1019 1166 1074 or-ug

130 1090 195 1150 bem
216 1088 384 1166 adliciebat,
411 1089 474 1148 aliis
496 1090 674 1168 captivorum
696 1089 773 1148 milia
794 1088 870 1148 dono
891 1089 1034 1166 ollercns,
1061 1090 1125 1151 aliis

96 1197 122 1240 ιο
132 1175 200 1235 eitra
217 1182 332 1233 senatus
347 1173 505 1252 populique
520 1175 734 1250 auctoritatem,
751 1189 808 1250 quo
822 1172 976 1232 vellentet
992 1175 1125 1251 quotiens

129 1257 252 1334 vellent,
278 1257 382 1317 auxilia
407 1256 591 1334 submittens,
619 1275 765 1336 superque
788 1256 888 1316 ltaliae
912 1255 1124 1336 Galliarumque

131 1350 159 1402 et
172 1341 388 1420 Hispaniarum,
406 1340 495 1400 Asiae
512 1357 626 1418 qnoque
648 1350 676 1400 et
693 1341 832 1401 Graeciae
848 1340 1061 1419 potentissimas
1079 1361 1124 1400 ur·

129 1425 183 1486 bes
198 1425 365 1505 praecipuis
378 1424 514 1502 operibus
526 1441 683 1494 exornans;
700 1424 808 1501 donec,
825 1425 952 1484 attonitis
965 1424 1019 1484 iam
1036 1426 1124 1483 omni-

129 1508 198 1586 bus,
221 1517 250 1568 et
273 1525 408 1587 quorsum
430 1507 479 1567 illa
504 1507 653 1569 tenderent
674 1510 887 1588 reputantibus,
907 1507 1022 1569 illarcus
1041 1506 1124 1567 Glau-

96 1593 193 1657 scdins
206 1591 364 1652 Marcellus
385 1593 484 1651 consul
500 1591 595 1652 edicto
611 1593 775 1672 praelatus,
797 1592 833 1653 de
850 1610 956 1652 summa
971 1610 1051 1652 sere
1074 1610 1124 1669 pu-

129 1677 206 1738 blica
221 1684 364 1752 acturum,
385 1677 494 1736 rettulit
515 1676 548 1736 ad
570 1685 712 1754 senatum,
732 1686 761 1737 ut
784 1679 811 1736 ei
832 1675 1038 1736 succederetur
1060 1685 1125 1734 ante

130 1769 260 1837 tempus,
278 1760 409 1838 quoniam
424 1759 503 1820 bello
517 1761 652 1821 coniecto
667 1778 725 1839 pax
740 1770 818 1821 esset
840 1779 875 1820 ac
890 1760 988 1820 dimitti
1004 1759 1125 1819 deberet

130 1846 225 1904 vietor
254 1843 411 1913 exercitus;
441 1852 469 1903 et
496 1863 532 1904 ne
558 1844 683 1905 absentis
712 1845 785 1904 ratio
812 1845 932 1904 comitiis
958 1844 1124 1917 haberetur,

133 1925 244 2005 qnando
259 1944 315 1985 nec
330 1926 408 2005 plebi
425 1929 498 1986 seito
514 1928 666 2006 Pompeius
683 1935 785 2005 postea
802 1927 985 2004 obrogasset.
1023 1925 1125 2008 (Acci-

95 2009 213 2070 auderat
229 2019 337 2086 autem,
354 2019 383 2069 ut
398 2012 422 2068 is
437 2010 533 2086 legem
550 2011 586 2069 de
599 2013 660 2069 iure
678 2011 892 2086 magistratuum
912 2010 1009 2069 ferens
1026 2027 1061 2069 eo
1078 2028 1125 2069 oa·

132 2095 208 2174 pite,
229 2111 286 2172 quo
307 2094 445 2172 petitione
466 2093 605 2152 bonorum
626 2092 754 2153 absentis
775 2092 975 2170 submovebat,
998 2110 1034 2152 nc
1053 2091 1125 2152 Gae-

131 2195 225 2238 sarem
241 2176 354 2255 quidem
371 2177 536 2256 exciperet,
552 2195 605 2255 per
626 2175 812 2244 oblivionem;
834 2194 869 2236 ac
882 2193 966 2253 mox,
983 2176 1050 2253 lege
1071 2177 1126 2235 iam

131 2263 159 2321 in
181 2279 232 2322 aes
255 2263 346 2322 incisa
368 2270 397 2320 et
421 2262 447 2319 in
473 2261 613 2321 aerarium
634 2259 764 2336 condita,
786 2259 946 2338 corrigeret
968 2259 1124 2338 errorem.)

130 2343 193 2406 Nec
218 2354 368 2405 contentus
388 2344 544 2407 Marcellus
565 2345 729 2423 provincias
751 2342 869 2404 Gaesari
893 2353 921 2403 et
944 2344 1125 2422 privilegium

97 2431 264 2508 eaeripere,
288 2429 385 2489 retulit
406 2429 506 2505 etiam,
532 2437 562 2489 ut
588 2429 713 2505 colonis,
740 2444 813 2506 quos
838 2429 990 2506 rogatione
1012 2429 1125 2489 Vatinia

130 2513 243 2573 Novum
269 2512 387 2574 Comum
411 2511 594 2590 deduxisset,
621 2513 721 2574 civitas
752 2511 939 2590 adimeretur,
967 2512 1043 2591 quod
1072 2531 1126 2592 per

133 2595 314 2656 ambitionem
330 2606 359 2656 et
372 2597 445 2656 ultra
462 2598 672 2676 praescriptum
686 2596 751 2656 data
768 2605 856 2656 esset.

195 2679 360 2741 Commotus
380 2680 425 2739 bis
446 2679 568 2757 Caesar,
590 2699 624 2740 ac
646 2681 790 2758 indicans,
813 2679 890 2760 quod
914 2698 1003 2760 saepe
1030 2698 1067 2738 ex
1089 2687 1167 2742 eotlt

133 2762 254 2826 auditum
274 2766 385 2840 lerunt,
410 2761 569 2842 difficilius
592 2781 627 2824 oe
641 2765 811 2843 principem
834 2764 969 2825 ciuitatis
988 2781 1007 2823 α
1023 2762 1124 2840 primo

98 2866 123 2910 ao
133 2847 241 2910 ordine
260 2848 293 2909 irc
307 2847 471 2909 aeneadum
491 2865 583 2927 quom
607 2866 646 2908 cc
663 2849 796 2910 seeundo
813 2848 844 2908 im
861 2847 1057 2909 novissimum
1072 2845 1122 2906 dc·

133 2932 230 3008 trudi,
245 2950 351 2992 summa
368 2949 424 3011 ope
439 2932 559 3009 restitit,
572 2934 673 3010 partim
689 2951 742 3010 per
759 2934 970 2992 intercessores
986 2929 1125 3006 tribunos,
1183 2951 1185 2956 ·

21 3024 22 3028 ’
133 3018 234 3095 partim
251 3035 304 3097 per
320 3017 450 3076 Servium
465 3015 621 3094 Sulpicium
636 3016 757 3076 alterum
771 3015 927 3076 consulem.
961 3013 1126 3092 Insequenti

133 3117 249 3178 qnoque
265 3117 339 3161 anno
356 3100 426 3162 Gaio
441 3099 598 3176 blarcello,
616 3101 662 3177 qui
677 3100 758 3160 lratri
776 3099 897 3178 patrueli
915 3114 967 3157 suo
983 3097 1081 3158 Marco
1098 3098 1126 3156 in

134 3185 282 3244 consulatu
297 3193 494 3262 successerat,
516 3183 615 3244 eadem
636 3193 809 3262 temptante,
833 3181 975 3259 collegam
991 3182 1052 3241 eius
1069 3181 1126 3241 Ae-

100 3267 238 3330 aomilium
253 3269 386 3346 Paulum,
410 3267 566 3346 Gaiumque
582 3266 735 3327 Curionem
750 3266 985 3326 violentissimum
1000 3267 1126 3326 tribuno·

133 3369 195 3412 rum
217 3355 325 3430 ingenti
340 3350 474 3413 mercede
496 3346 668 3413 defensores
684 3352 803 3430 paravit.
848 3350 906 3411 Sed
923 3369 985 3410 eum
1001 3350 1125 3411 obstina-

132 3435 189 3496 tius
205 3439 298 3498 omnia
319 3438 367 3515 agi
385 3435 498 3496 videret
519 3444 548 3496 et
569 3434 736 3513 designatos
759 3436 842 3497 etiam
862 3436 996 3497 consules
1012 3455 1028 3496 e
1045 3443 1126 3515 parte

134 3518 264 3600 diversa,
286 3530 415 3582 senatum
434 3521 537 3581 litteris
553 3520 727 3600 deprecatus
752 3530 809 3601 est,
832 3540 869 3582 ne
887 3521 941 3582 sibi
956 3520 1126 3580 benelicium
