2450 3910
155 337 213 414 192
259 348 288 396 c.
302 346 453 396 sunrour
464 345 590 404 runnu.
604 345 652 391 on
667 346 750 392 virs
763 345 945 394 consensu
956 346 1025 392 unu.
1039 347 1086 394 ur.

153 502 368 565 turumomniu
386 520 418 562 tn
440 502 589 562 theatrum
611 501 776 578 allirmavit,
801 502 831 560 si
850 519 909 580 per
936 499 1091 561 Vindicem
1111 499 1145 560 li·

153 595 230 649 cent.
357 598 360 606 ’
668 642 670 644 ,

111 693 145 746 42
213 672 366 750 Postquam
387 669 489 730 deinde
512 671 597 729 etiam
618 669 734 730 Galbam
757 677 786 728 et
806 668 960 748 Hispanias
985 669 1144 728 descivisse

153 757 306 833 cognovit,
330 754 484 832 conlapsus
506 755 656 833 animoque
680 753 753 812 male
775 753 870 812 fracto
886 753 933 812 diu
947 753 1009 812 sine
1025 760 1145 812 voceet

153 857 246 920 prope
261 839 463 898 intermortuus
478 839 586 916 iacuit,
600 847 688 916 utque
704 838 832 915 resipiit,
850 845 931 897 veste
946 836 1077 914 discissa,
1096 854 1165 896 cas

152 925 212 1004 pite
232 921 458 999 converberato,
480 929 582 982 ectum
598 920 636 981 de
650 939 684 981 se
700 923 906 999 pronuntiavit,
924 921 1145 998 consolantique

152 1007 312 1067 nutriculae
335 1015 363 1065 et
384 1005 448 1065 ullis
471 1023 589 1084 qnoque
615 1006 670 1065 iam
690 1005 869 1085 principibus
884 1006 987 1066 similia
1002 1003 1145 1065 accidisse

151 1091 334 1167 memoranti,
358 1107 392 1150 se
411 1106 485 1150 uero
504 1096 634 1168 praeter
653 1096 772 1150 ceteros
784 1089 928 1151 inuuditu
947 1096 976 1151 et
988 1087 1147 1169 incognita

147 1177 218 1256 pati
228 1173 611 1254 responditquisumnum
623 1173 881 1252 imperiumoicus
896 1174 1053 1236 omitteret.
1081 1171 1148 1232 Nec

151 1280 187 1321 eo
210 1261 298 1319 setius
325 1260 477 1337 quicquam
499 1276 537 1318 ex
562 1257 767 1319 consuetudine
794 1259 878 1319 luxus
904 1269 989 1338 atque
1016 1257 1145 1318 desidiae
1157 1279 1183 1319 m

152 1345 246 1404 omisit
261 1342 309 1402 vel
325 1343 476 1412 imminuit;
494 1343 561 1420 quin
578 1345 682 1418 immo,
707 1346 770 1402 cum
792 1345 927 1423 prosperi
952 1343 1083 1422 quiddam
1106 1361 1146 1402 ex

151 1428 308 1508 provinciis
328 1428 485 1487 nuntiatum
507 1437 601 1504 esset,
626 1444 714 1506 super
735 1426 1003 1488 abundantissimam
1026 1445 1147 1487 caenam

53 1550 55 1555 ι
151 1513 288 1573 iocularia
305 1512 333 1570 in
349 1510 523 1571 delectionis
543 1511 633 1570 duces
655 1512 780 1572 carmina
801 1510 969 1591 lasciueque
989 1511 1146 1587 modulata,

151 1615 224 1675 quae
240 1595 329 1672 vulgo
345 1603 511 1673 notuerunt,
526 1597 610 1655 etiam
628 1595 817 1673 gesticulatus
834 1604 896 1665 est;
914 1614 949 1655 ac
968 1595 1146 1674 spectaculis

150 1680 255 1739 theatri
271 1679 344 1738 clam
358 1679 477 1756 inlatus,
499 1678 610 1740 cuidam
633 1681 751 1740 scenico
762 1679 896 1758 ‘placenti
911 1681 1037 1740 nuntium
1058 1681 1145 1758 misit,
1157 1698 1183 1738 n

152 1762 239 1822 obruti
252 1780 319 1821 eunt
333 1762 590 1840 occupationibus
605 1765 680 1824 suis.

108 1863 143 1918 43
213 1846 296 1906 Initio
313 1848 405 1906 statim
422 1847 571 1924 tumultus,
594 1847 679 1907 multa
701 1856 729 1906 et
745 1848 883 1925 inmania,
908 1865 1008 1907 verum
1020 1865 1077 1907 non
1095 1847 1145 1907 ab·

151 1932 295 1992 horrentia
311 1949 326 1989 a
344 1939 442 1990 natura
458 1949 507 1990 sua
527 1931 654 1991 creditur
668 1931 845 1998 destinasse:
871 1949 1062 1992 successores
1078 1949 1145 2010 per·

152 2032 345 2093 cussoresque
365 2017 541 2075 summittere
564 2018 708 2076 exercitus
733 2026 762 2076 et
777 2016 942 2095 provincias
963 2015 1144 2094 regentibus,
1221 2015 1224 2055 l

150 2100 232 2180 quasi
253 2099 425 2177 conspiratis
450 2099 584 2178 idemque
612 2110 640 2160 et
665 2119 748 2161 unum
777 2101 979 2171 sentientibus;
1005 2099 1144 2179 quidquid
1153 2123 1183 2163 ac
1222 2122 1223 2143 ¹

150 2185 255 2262 ubique
270 2183 398 2261 exulum,
422 2184 559 2263 quidquid
574 2187 602 2244 in
619 2184 691 2244 urbe
708 2185 852 2246 hominum
868 2185 1081 2246 Gallicanorum
1098 2203 1144 2244 es-.
1221 2198 1222 2231 t

149 2277 194 2329 set
210 2267 410 2328 contrucidare
429 2269 562 2348 (illosne
580 2269 810 2330 desciscentibus
825 2269 1072 2348 adgregarentur,
1089 2268 1145 2328 hos
1220 2288 1221 2317 n

148 2362 178 2414 ut
192 2355 327 2413 conscios
339 2352 520 2430 popularium
537 2372 652 2415 suorum
665 2362 751 2432 atque
763 2353 891 2414 lautores
901 2354 926 2432 ;)
940 2353 1047 2414 Gallias
1061 2371 1145 2413 exer·
1219 2369 1220 2404 l

150 2436 252 2498 citibus
266 2435 441 2515 diripiendas
454 2439 636 2516 permittere;
650 2447 779 2497 senatum
790 2439 955 2499 universum
966 2455 1146 2516 venenoper
1218 2466 1219 2491 n

149 2521 281 2581 convivia
294 2538 415 2590 necare;
432 2521 531 2580 urbem
542 2521 708 2597 incendere,
727 2521 798 2581 ieris
811 2522 838 2580 in
851 2523 989 2602 populum
1001 2523 1145 2598 immissis,
1156 2540 1185 2579 as
1217 2519 1218 2580 l

148 2621 206 2683 quc
216 2603 367 2663 difficilius
383 2603 616 2665 defenderentur.
647 2605 705 2665 Sed
716 2606 886 2666 absterritus
900 2625 957 2667 non
972 2617 1028 2667 tam
1044 2607 1144 2685 paeni·
1211 2596 1217 2672 l

147 2689 235 2748 tentia
245 2688 505 2768 quemperlioiendi
515 2689 726 2769 desperatione,
737 2689 917 2769 credensque
927 2691 1145 2770 expeditionem
1209 2750 1210 2754 ,

144 2772 358 2849 necessariam,
376 2773 512 2833 consules
530 2784 595 2834 ante
614 2782 727 2854 tempus
742 2775 866 2854 privavit
882 2776 992 2836 honore
1009 2784 1095 2854 atque
1113 2776 1145 2834 in
1204 2783 1205 2786 ’

147 2859 294 2936 utriusque
318 2858 414 2918 locum
435 2858 516 2917 solus
537 2860 598 2918 iniit
618 2859 812 2936 consulatum,
839 2861 920 2938 quusi
941 2859 1030 2919 letale
1051 2869 1144 2936 esset,

146 2960 203 3001 non
218 2959 308 3020 posse
326 2942 434 3003 Gallias
448 2942 590 3004 debellari
607 2945 692 3003 nisio
715 2962 747 3003 se
770 2944 900 3003 consule.
930 2942 976 3003 Ac
997 2945 1143 3022 susceptis
1156 2961 1194 3001 ao·

145 3025 290 3104 fascibus,
319 3044 381 3087 cum
407 3036 473 3106 post
500 3028 601 3105 epulas
628 3028 752 3089 triclinio
783 3027 999 3105 digrederetur,
1028 3028 1144 3086 innixus

1 3164 2 3188 2
146 3111 252 3172 umeris
273 3112 468 3188 familiarium,
491 3111 658 3190 allirmavit,
685 3110 778 3173 simul
799 3112 990 3192 cuprinum
1012 3110 1142 3190 procin-

1 3204 17 3254 ἱ4
64 3243 66 3247 ,
146 3196 226 3256 cion
234 3195 395 3276 attigisset,
404 3195 548 3257 inermem
556 3214 590 3257 se
600 3197 632 3258 in
643 3203 837 3275 conspectum
848 3196 1036 3257 mermmum
1043 3195 1143 3273 prod-

7 3290 11 3299 ·
145 3277 257 3338 iturum
277 3297 333 3340 uec
351 3279 513 3359 corioquam
536 3281 624 3341 ulirrd
643 3297 735 3360 quum
753 3278 910 3358 fleturum,
927 3279 1147 3360 reuocatisque

147 3359 190 3418 ud
207 3363 427 3437 poenitentium
448 3361 656 3441 defectoribus
675 3365 845 3443 insequenti
866 3366 917 3425 die
936 3365 1049 3426 luctum
1063 3364 1199 3431 inter-35,

147 3441 244 3584 ἱαειοῖ
266 3453 460 3506 cantaturum
476 3446 626 3525 epinicia,
650 3465 730 3527 qnae
748 3448 810 3508 iun
825 3467 906 3510 nunc
920 3447 982 3509 sibi
1001 3450 1148 3527 conponi

146 3541 224 3603 opor
237 3532 308 3585 eret.

104 3618 139 3674 44
201 3606 233 3666 ln
247 3612 444 3686 praeparanda
456 3615 641 3691 expeditione
653 3618 771 3695 primum
780 3632 876 3676 curam
888 3615 985 3677 habuit
996 3585 1148 3694 deligendi

148 3768 177 3834 'ts

171 3849 179 3864 t,
198 3844 208 3870 ,a
213 3839 215 3843 ’
224 3854 225 3858 ,
