2450 3910
467 254 697 303 comumnes.
917 245 919 250 '
1019 245 1082 306 249

150 411 196 470 Ab
212 411 327 470 iuventa
344 411 456 469 minime
472 411 564 470 civilis
579 412 674 487 animi,
693 412 841 471 confidens
858 413 958 488 etiarn,
976 421 1005 471 et
1022 429 1084 469 cum

85 495 186 556 verbis
199 503 255 554 tum
269 495 357 554 rebus
374 495 558 571 immodicus,
582 495 701 554 Caenidi
719 497 808 573 patris
826 494 1022 571 concubinae,
1046 513 1083 553 err

86 580 193 640 Histria
213 597 351 639 reversae
375 579 562 657 osculumque
584 589 614 638 ut
642 589 772 638 assuerat
800 581 947 656 offerenti,
972 597 1083 640 manum

89 663 237 745 praebuit;
260 682 399 741 generum
421 665 518 723 fratris
539 664 673 760 indigne
678 664 776 722 ierens
799 665 912 723 albatos
938 625 968 724 ’er
989 667 1083 743 ipsum
1110 687 1113 694 ·

63 750 233 810 oministros
248 747 367 824 babere,
383 748 588 826 proclamavit:
625 735 697 807 oin
725 736 856 844 ἀγαθὸν
877 747 1156 845 colonomon-dp

87 833 151 912 νίη.
195 832 388 912 Principalem
403 850 475 892 vero
491 833 624 930 adeptus,
642 849 736 929 neque
751 833 779 889 in
795 840 895 890 senatu
911 834 1018 892 iactare
1035 833 1082 891 du·
1092 766 1180 896 13Ρ

87 919 196 994 bitavit,
214 923 243 977 et
260 916 349 995 putri
369 935 402 976 sc
424 923 454 977 et
469 915 601 993 fratri
588 917 748 994 imperium
770 915 908 993 dedisse,
925 916 1003 977 illos
1023 916 1086 976 sibi

86 1001 281 1072 reddidisse;
304 1019 399 1079 neque
415 1005 443 1060 in
459 1001 623 1061 reducenda
646 1010 713 1079 post
739 1000 889 1060 divortium
912 1017 1003 1059 uxore
1027 1001 1083 1060 edi-

88 1106 166 1164 cere,
184 1094 350 1146 revocatam
370 1104 432 1145 eam
454 1086 486 1145 in
503 1085 651 1163 pulcinos
670 1103 768 1144 soom.
810 1085 974 1144 Adclamari
1000 1087 1085 1144 etiam

52 1190 77 1230 ro
87 1174 117 1232 in
129 1169 338 1250 amphitheatro
352 1170 430 1248 epuli
444 1170 490 1229 die
503 1170 627 1229 libenter
636 1170 736 1230 audiit:
751 1168 883 1230 Domino
902 1174 931 1229 ct
943 1168 1086 1230 dominae

85 1254 239 1334 feliciter!
283 1252 384 1313 Sedet
400 1253 565 1332 Capitolino
584 1255 739 1313 certamine
758 1263 880 1314 cunctos
894 1253 1005 1330 ingenti
1017 1271 1085 1312 con-

87 1359 174 1400 sensu
191 1338 346 1416 precantis,
363 1347 392 1398 ut
406 1338 560 1398 Palfurium
575 1338 675 1398 Suram
689 1339 872 1414 restitueret,
888 1337 1001 1417 pulsum
1018 1338 1086 1402 olim

87 1432 188 1484 senatu
206 1441 241 1482 ac
257 1432 323 1482 tnnc
337 1422 374 1481 de
390 1422 554 1491 oratoribus
571 1432 757 1499 coronatum,
781 1423 860 1483 nullo
881 1439 1026 1500 responso
1043 1421 1084 1480 di-

87 1516 202 1586 gnatus,
216 1515 314 1566 tacere
329 1516 435 1568 tantum
455 1505 541 1567 modo
560 1507 643 1566 iussit
664 1524 739 1566 voce
759 1509 923 1586 praeconis.
959 1506 1025 1566 Pari
1042 1524 1084 1565 ar-

51 1609 77 1650 rs
87 1592 238 1668 rogantia,
255 1609 318 1650 cum
333 1600 554 1670 procuratorum
569 1609 684 1651 snorum
699 1593 812 1651 nomine
828 1590 979 1652 formalem
997 1590 1085 1650 diota·

87 1686 131 1735 ret
149 1675 311 1753 epistulam,
328 1679 370 1736 sic
387 1678 501 1754 coepit:
516 1675 669 1737 Dominus
684 1682 714 1736 ct
730 1676 807 1736 deos
821 1681 927 1736 noster
944 1675 1003 1736 boc
1015 1674 1089 1753 ficri

86 1759 178 1821 irtbet.
211 1759 293 1820 Unde
318 1761 474 1820 institutum
498 1761 637 1839 posthac,
666 1771 696 1820 ut
722 1780 758 1820 ne
781 1761 892 1838 scripto
914 1759 1027 1838 quidem
1050 1777 1085 1819 ac

87 1860 223 1904 sermone
239 1845 404 1923 cuiusquam
421 1845 622 1923 appellaretur
637 1845 730 1905 aliter.
744 1874 752 1902 r
765 1848 880 1905 Statuas
903 1843 957 1903 sibi
980 1847 1006 1904 in
1032 1843 1085 1905 (la-

88 1927 191 2006 pitolio
206 1929 319 1988 nonnisi
336 1947 438 1990 aureas
455 1939 484 1988 et
499 1938 654 2006 argenteas
676 1931 743 2006 poni
770 1931 897 2007 permisit
918 1947 953 1987 ac
977 1928 1085 2006 ponde·
1185 1915 1188 1922 ’

48 2032 77 2073 ro
87 2015 127 2072 ris
147 2014 230 2071 certi.
273 2010 360 2072 lanos
376 2031 518 2090 arcusque
535 2032 597 2072 com
611 2013 758 2091 quadrigis
777 2021 805 2071 et
817 2012 977 2088 insignibus
989 2015 1085 2071 trium·

88 2096 209 2175 pbornm
228 2114 282 2174 per
303 2097 442 2172 regiones
463 2096 542 2156 urbis
571 2107 666 2172 tantos
690 2115 724 2156 ao
747 2105 789 2155 tot
812 2098 954 2173 extruxit,
977 2105 1007 2156 ut
1028 2098 1085 2155 cui-

87 2183 149 2241 dam
168 2179 279 2240 Graece
295 2179 462 2259 inscriptum
479 2183 531 2241 sit:
555 2182 642 2240 arci.
682 2179 856 2241 Consulatus
878 2181 1087 2257 septemdecim

35 2303 41 2313 -
88 2266 174 2343 cepit,
195 2273 264 2343 quot
279 2274 344 2324 ante
360 2283 424 2325 enm
439 2283 538 2334 nemo:
556 2264 711 2343 exquibus
727 2274 839 2343 septem
861 2264 972 2324 medios
997 2266 1086 2324 conti-

86 2351 197 2425 nuavit,
222 2366 322 2408 omnes
344 2359 438 2410 autem
461 2369 555 2428 paene
577 2350 659 2408 titulo
681 2358 764 2408 tenus
787 2350 894 2426 gessit,
914 2367 970 2408 neo
990 2367 1085 2427 quem·

47 2449 77 2489 ⁹5
88 2451 171 2512 quam
189 2432 262 2492 ultra
279 2432 325 2497 Ill.
342 2433 408 2494 blei.
427 2435 584 2512 plerosque
602 2434 637 2493 ad
649 2433 715 2494 ldus
727 2452 819 2512 usque
831 2433 987 2494 lanuarias.
1016 2433 1087 2494 Post

86 2526 180 2578 autern
196 2515 268 2576 dnos
284 2517 458 2596 triumphos,
481 2517 643 2579 Germanici
662 2519 834 2594 cognomine
849 2527 1015 2596 assumpto,
1035 2519 1086 2576 Se·

86 2600 246 2679 ptembrem
262 2619 390 2661 mensem
408 2611 436 2661 et
451 2601 608 2662 Octobrem
630 2621 666 2661 ex
684 2602 929 2682 appellationibus
945 2603 1004 2662 suis
1017 2602 1087 2663 Ger-

85 2685 226 2744 manicum
243 2683 490 2764 Domitianumque
506 2687 758 2764 transnominavit,
780 2686 857 2765 qnod
876 2687 968 2747 altero
988 2703 1086 2746 susce-

87 2769 180 2847 pisset
199 2769 358 2846 imperium,
374 2770 467 2829 altero
483 2780 564 2830 nutus
580 2780 669 2832 esset.

47 2873 77 2914 ao
148 2852 203 2913 Per
218 2851 291 2912 baec
306 2852 443 2913 terribilis
463 2857 574 2914 conctis
595 2865 624 2915 et
643 2856 767 2931 invisus,
789 2854 902 2915 taudem
926 2870 1087 2931 oppressus
1096 2856 1130 2910 14

86 2944 131 2996 est
145 2935 300 3013 amicorum
317 2938 545 3017 libertorumque
561 2939 724 2999 intimorum
746 2939 979 3016 conspiratione,
1006 2935 1088 2994 simul

86 3030 114 3080 et
128 3024 238 3080 uxoris.
270 3021 383 3082 Annum
399 3022 532 3101 diemque
548 3023 674 3083 ultimum
690 3025 768 3083 vitae
782 3025 837 3082 iam
852 3021 963 3101 pridem
986 3037 1087 3098 suspe-

86 3113 161 3164 ctum
175 3104 311 3182 babebat,
328 3107 429 3167 boram
446 3110 540 3183 etiam,
558 3126 614 3167 uec
631 3125 689 3166 non
706 3117 735 3166 et
749 3125 843 3184 genus
858 3107 969 3165 mortis.
1010 3103 1088 3163 ndu-

85 3189 246 3250 lescentulo
269 3189 407 3250 Chaldaei
430 3201 533 3252 cuneta
552 3192 773 3270 praedixerant;
795 3200 879 3268 pater
901 3207 1018 3268 quoque
1043 3207 1088 3248 su·

48 3291 140 3352 sopor
156 3291 273 3334 caenam
291 3276 435 3354 quondam
457 3276 554 3353 iungis
577 3276 768 3336 abstinentem
791 3276 884 3354 palam
906 3275 1036 3334 irriserat
1057 3282 1088 3332 ut

85 3359 215 3434 ignarum
230 3361 317 3420 sortis
330 3378 408 3437 suae,
427 3358 505 3437 quod
521 3377 579 3419 nou
593 3359 702 3419 serrum
717 3361 813 3437 potius
828 3359 953 3418 timeret.
991 3359 1087 3434 Quare

86 3440 206 3520 pavidus
231 3461 346 3524 semper
367 3453 453 3525 atque
482 3444 599 3519 anxius,
624 3445 745 3503 minimis
771 3444 854 3504 etiam
881 3443 1087 3522 suspitionibus

85 3534 203 3604 praeter
223 3527 337 3588 modum
353 3527 603 3598 commovebatur;
621 3538 651 3588 nt
665 3527 752 3589 edicti
764 3527 799 3588 de
812 3527 982 3588 excidendis
993 3527 1088 3586 vineis

1186 733 1217 788 ns,
