2468 3912
433 228 539 276 mvus
560 227 751 277 accusans.
1049 217 1089 278 39

87 401 228 465 proavum
248 383 423 462 exprobrat,
445 386 605 444 restionem
626 403 643 444 e
664 402 743 464 pago
762 359 906 462 l'hurlno,
936 399 1020 444 avum
1046 401 1090 442 ar·

86 471 257 547 gentarium.
289 467 354 528 Nec
373 470 526 547 quicquam
541 468 614 528 ultra
636 467 672 528 de
687 471 815 549 paternis
833 467 957 548 Augusti
976 467 1089 527 maiori-

86 555 142 614 bus
155 555 284 634 repperi.

151 635 184 699 0.
200 637 338 698 Octavius
357 646 440 718 pater
463 655 479 698 a
498 637 643 717 principio
663 638 765 697 aetatis
785 647 815 697 et
833 656 866 698 re
890 646 919 697 et
945 638 1117 700 existima-3

62 726 167 784 stione
181 740 285 801 magna
300 723 369 800 luit,
392 731 422 782 ut
437 721 571 801 equidem
586 723 675 781 mirer
689 721 766 782 hunc
782 740 899 801 quoque
913 741 930 782 a
943 721 1090 782 nonnullis

86 809 282 886 argentarium
301 816 388 887 atque
408 807 494 867 etiarn
511 808 588 866 inter
614 805 759 866 divisores
788 823 953 887 operasque
975 823 1090 888 campe·

86 894 156 953 stris
177 891 336 973 proditum;
364 891 467 973 amplis
487 892 562 952 enim
582 891 735 950 innutritus
762 889 883 970 opibus,
912 891 1040 952 honores
1060 900 1091 952 et

85 977 210 1057 adeptus
239 984 284 1037 est
311 977 399 1038 lacile
428 985 458 1037 et
486 977 610 1054 egregie
636 975 853 1036 administravit.
888 974 936 1036 Ex
955 985 1091 1056 praetura

84 1061 286 1125 Macedoniam
306 1063 442 1140 sortitus,
470 1062 626 1139 fugitivos,
649 1059 794 1121 residuam
816 1060 949 1139 Spartaci
968 1069 997 1121 et
1015 1060 1090 1122 carr·

49 1166 75 1209 ao
85 1148 164 1209 linae
184 1164 313 1224 manum,
335 1145 491 1207 Thurinum
512 1164 613 1224 agrum
631 1146 773 1222 tenentis,
795 1145 825 1204 in
844 1145 947 1206 itinere
970 1144 1090 1223 delevit,

86 1233 209 1310 negotio
223 1230 278 1292 sibi
292 1233 322 1291 in
336 1240 439 1292 senatu
453 1241 537 1292 entra
557 1230 688 1291 ordinem
706 1229 783 1290 dato.
815 1228 990 1292 Provinciae
1007 1248 1091 1309 prae-

85 1318 142 1378 fuit
156 1334 215 1377 non
232 1317 345 1376 minore
360 1316 467 1376 iustitia
481 1333 565 1396 quam
581 1313 765 1385 fortitudine;
788 1331 909 1395 namquo
930 1313 1031 1375 Bessis
1057 1331 1092 1376 ac

85 1400 249 1464 Thracibus
266 1417 373 1478 magno
387 1399 503 1479 proelio
525 1400 614 1477 lusis,
637 1401 676 1461 ita
693 1401 795 1459 socios
808 1401 961 1478 tractavit,
983 1408 1013 1461 ut
1030 1400 1091 1478 epi·

85 1485 184 1548 stolae
197 1484 235 1546 tl.
254 1483 408 1548 Ciceronis
427 1493 528 1544 extent
549 1485 652 1565 quibus
674 1483 808 1560 Quintum
827 1484 964 1564 fratrem,
987 1483 1091 1545 eodem

49 1582 220 1650 intempore
235 1587 336 1650 parum
358 1568 487 1630 secunda
505 1570 581 1630 fama
601 1569 840 1649 proconsulatum
862 1569 953 1631 Asiae
973 1568 1091 1631 admini-

84 1664 241 1732 strantem,
262 1653 394 1716 hortatur
406 1662 436 1715 et
454 1663 571 1733 monet,
593 1655 719 1715 imitetur
735 1657 764 1715 iu
780 1654 982 1734 promerendis
1001 1655 1092 1715 sociis

85 1740 212 1801 vicinum
233 1756 313 1798 suum
337 1737 495 1802 Octavium.
531 1739 686 1800 Decedeus
701 1738 890 1819 Macedonia,
911 1741 991 1820 priua
1008 1743 1117 1819 quamt

83 1823 219 1906 profiteri
234 1841 267 1883 se
284 1823 462 1885 candidatum
478 1825 644 1886 consulatus
666 1833 785 1904 posset,
809 1834 932 1885 mortem
952 1825 1024 1885 obiit
1045 1842 1091 1884 re

84 1909 251 1990 pentinum,
276 1909 482 1987 superstitibus
509 1910 610 1970 liberis
639 1908 760 1970 Octavia
787 1910 913 1987 maiore,
942 1927 1026 1989 quam
1054 1927 1093 1969 ex

49 1992 251 2070 20Aueharia,
275 2001 304 2053 et
325 1991 446 2054 Octauia
466 1994 578 2054 minore
598 1995 667 2054 item
687 1993 839 2071 Augusto,
870 2010 944 2072 quos
963 2013 1001 2054 ex
1025 1991 1093 2052 Atia

85 2077 203 2139 tulerat.
227 2077 295 2138 Atia
308 2076 347 2138 hl.
363 2077 433 2138 Atio
448 2075 540 2138 Balbo
557 2086 586 2138 et
599 2076 681 2153 lulia,
705 2094 809 2137 sorore
825 2075 858 2136 G.
876 2075 1023 2153 Caesaris,
1041 2093 1092 2152 ge·

86 2165 147 2224 uita
165 2172 220 2222 est.
255 2160 378 2239 Balbus,
406 2171 528 2243 paterna
549 2163 640 2242 stirpe
655 2160 804 2238 Aricinus,
826 2160 922 2220 multis
942 2162 971 2220 in
986 2159 1093 2222 fannilia

86 2249 244 2308 senatoriis
259 2245 449 2326 imaginibus,
473 2265 489 2306 a
508 2257 599 2308 matrs
613 2245 748 2324 hlagnum
762 2245 931 2325 Pompeium
948 2246 1093 2306 artissimo

88 2332 279 2410 contingebat
293 2331 385 2410 gradu
401 2333 575 2412 functusque
588 2332 703 2392 honore
718 2339 872 2412 praeturae
887 2331 963 2390 inter
977 2330 1093 2408 viginti-

23 2409 34 2425 *
53 2437 77 2479 u
87 2419 170 2478 viros
186 2435 287 2495 agrum
302 2414 477 2498 Campanum
491 2417 572 2497 plebi
590 2415 661 2477 lulia
676 2415 746 2493 lege
761 2414 870 2476 divisit.
894 2415 1003 2476 Verum
1018 2412 1094 2475 idem

87 2502 249 2580 Antonius,
284 2500 452 2582 despiciens
478 2504 565 2563 etiam
593 2511 752 2562 maternam
781 2501 907 2578 Augusti
939 2502 1093 2580 originem,

87 2603 229 2664 proavum
244 2589 306 2647 eius
321 2588 386 2649 Afri
406 2587 526 2666 generis
547 2588 638 2647 luisse
661 2594 691 2646 et
707 2583 795 2646 modo
815 2587 1033 2664 unguentariam
1053 2594 1094 2644 ta·

86 2670 207 2732 hemam
227 2671 315 2732 modo
335 2673 484 2751 pistrinum
505 2670 623 2733 Ariciae
648 2672 818 2731 exercuisse
837 2669 937 2731 obicit.
977 2668 1094 2730 Gassius

50 2785 58 2829 t
88 2753 203 2834 quidem
222 2755 386 2817 Parmensis
398 2755 529 2836 ¹quadam
555 2756 681 2836 epistola
706 2773 764 2816 non
785 2764 892 2816 tanturn
912 2763 943 2814 ut
963 2752 1093 2833 pistoris,

54 2807 142 2901 hosed
172 2841 258 2901 etiam
291 2849 322 2901 nt
356 2841 523 2902 nummulari
556 2849 694 2921 nepotem
730 2842 774 2900 sio
809 2848 888 2902 taxat
915 2837 1093 2916 Augustum·

87 2921 233 2986 Materno
252 2925 310 2988 tibi
332 2924 476 3004 somnust
507 2944 547 2986 ca
573 2923 758 2987 crudissimo
785 2921 916 2986 moloc
943 2918 1094 3000 pistrino:

87 3008 171 3071 burro
203 3009 295 3088 fiuxit
320 3009 465 3072 monibus
492 3008 613 3090 collybo
648 3007 840 3071 decolor-otis
872 3003 1096 3069 Nerulonensis

14 3126 22 3149 .
87 3111 273 3155 mensuruus.

149 3177 240 3240 Natus
270 3189 314 3241 est
342 3180 492 3258 Augustus
526 3181 564 3242 Μ.
599 3179 696 3241 Tullio
726 3177 872 3240 Cicerone
902 3172 934 3235 G.
965 3173 1119 3242 Antonios

58 3275 189 3323 ancones.
211 3262 303 3326 Vllll.
325 3263 389 3326 llal.
413 3265 537 3343 Octob,
566 3264 652 3345 paulo
684 3272 750 3324 ante
777 3263 850 3324 solis
873 3267 1021 3338 exortum,
1048 3277 1093 3320 re-

90 3348 179 3422 gione
193 3348 300 3427 Palati,
324 3348 359 3410 ad
383 3348 485 3431 Capita
507 3349 631 3426 bubula,
654 3347 703 3408 ubi
723 3365 799 3408 nunc
824 3345 981 3408 sacrarium
995 3342 1093 3421 habet,

14 3481 23 3529 t
92 3431 237 3511 aliquanto
257 3443 426 3513 postquam
447 3437 578 3496 excessit
602 3435 796 3495 constitutum.
833 3430 906 3494 Nam
925 3439 956 3491 ut
976 3437 1093 3491 senatus

92 3519 162 3576 actis
186 3521 365 3598 continetur,
390 3537 454 3579 oum
477 3516 511 3580 G.
526 3519 692 3599 Laetorius,
715 3516 887 3578 adulescens
907 3515 1022 3597 patricii
1040 3531 1092 3591 ge·
