<?xml version="1.0" encoding="UTF-8"?>
<!DOCTYPE html PUBLIC "-//W3C//DTD XHTML 1.0 Transitional//EN"
    "http://www.w3.org/TR/xhtml1/DTD/xhtml1-transitional.dtd">
<html xmlns="http://www.w3.org/1999/xhtml" xml:lang="en" lang="en">
 <head>
  <title>
</title>
<meta http-equiv="Content-Type" content="text/html;charset=utf-8" />
  <meta name='ocr-system' content='tesseract 3.04.00' />
  <meta name='ocr-capabilities' content='ocr_page ocr_carea ocr_par ocr_line ocrx_word'/>
</head>
<body>
  <div class='ocr_page' id='page_1' title='image "./csuetonitranqui00suetgoog_0196.png"; bbox 0 0 2468 3912; ppageno 0'>
   <div class='ocr_carea' id='block_1_1' title="bbox 437 238 1127 315">
    <p class='ocr_par' dir='ltr' id='par_1_1' title="bbox 437 238 1127 315">
     <span class='ocr_line' id='line_1_1' title="bbox 437 238 1127 315; baseline 0.007 -5"><span class='ocrx_word' id='word_1_1' title='bbox 437 262 541 311; x_wconf 87' lang='lat' dir='ltr'><strong>nrvus</strong></span> <span class='ocrx_word' id='word_1_2' title='bbox 564 263 752 312; x_wconf 81' lang='lat' dir='ltr'><strong>succesus.</strong></span> <span class='ocrx_word' id='word_1_3' title='bbox 1055 253 1095 315; x_wconf 86' lang='lat'><strong>85</strong></span> <span class='ocrx_word' id='word_1_4' title='bbox 1125 238 1127 242; x_wconf 66' lang='grc'>’</span> 
     </span>
    </p>
   </div>
   <div class='ocr_carea' id='block_1_2' title="bbox 1 416 1231 3272">
    <p class='ocr_par' dir='ltr' id='par_1_2' title="bbox 1 416 1231 2936">
     <span class='ocr_line' id='line_1_2' title="bbox 99 416 1096 498; baseline 0.002 -21"><span class='ocrx_word' id='word_1_5' title='bbox 99 416 231 478; x_wconf 76' lang='lat' dir='ltr'><strong>discincti</strong></span> <span class='ocrx_word' id='word_1_6' title='bbox 247 416 426 497; x_wconf 83' lang='lat' dir='ltr'><strong>pedibusque</strong></span> <span class='ocrx_word' id='word_1_7' title='bbox 441 417 534 494; x_wconf 89' lang='lat' dir='ltr'><strong>nudis,</strong></span> <span class='ocrx_word' id='word_1_8' title='bbox 550 435 584 477; x_wconf 91' lang='lat' dir='ltr'><strong>ao</strong></span> <span class='ocrx_word' id='word_1_9' title='bbox 594 418 744 479; x_wconf 83' lang='lat' dir='ltr'><strong>Mausoleo</strong></span> <span class='ocrx_word' id='word_1_10' title='bbox 761 418 958 498; x_wconf 87' lang='lat' dir='ltr'><strong>condiderunt.</strong></span> <span class='ocrx_word' id='word_1_11' title='bbox 977 417 1010 479; x_wconf 97' lang='lat' dir='ltr'><strong>ld</strong></span> <span class='ocrx_word' id='word_1_12' title='bbox 1022 435 1096 498; x_wconf 89' lang='lat' dir='ltr'><strong>opus</strong></span> 
     </span>
     <span class='ocr_line' id='line_1_3' title="bbox 98 500 1096 580; baseline 0.003 -20"><span class='ocrx_word' id='word_1_13' title='bbox 98 504 173 561; x_wconf 90' lang='lat' dir='ltr'><strong>inter</strong></span> <span class='ocrx_word' id='word_1_14' title='bbox 187 500 353 561; x_wconf 81' lang='lat' dir='ltr'><strong>Flaminiam</strong></span> <span class='ocrx_word' id='word_1_15' title='bbox 372 502 446 561; x_wconf 89' lang='lat' dir='ltr'><strong>viam</strong></span> <span class='ocrx_word' id='word_1_16' title='bbox 469 503 618 580; x_wconf 83' lang='lat' dir='ltr'><strong>ripamque</strong></span> <span class='ocrx_word' id='word_1_17' title='bbox 634 502 747 563; x_wconf 89' lang='lat' dir='ltr'><strong>Tiberis</strong></span> <span class='ocrx_word' id='word_1_18' title='bbox 768 512 852 562; x_wconf 87' lang='lat' dir='ltr'><strong>sexto</strong></span> <span class='ocrx_word' id='word_1_19' title='bbox 875 519 928 563; x_wconf 89' lang='lat' dir='ltr'><strong>sno</strong></span> <span class='ocrx_word' id='word_1_20' title='bbox 947 502 1096 564; x_wconf 77' lang='lat' dir='ltr'><strong>consulatu</strong></span> 
     </span>
     <span class='ocr_line' id='line_1_4' title="bbox 100 585 1095 662; baseline 0.002 -16"><span class='ocrx_word' id='word_1_21' title='bbox 100 594 266 646; x_wconf 83' lang='lat' dir='ltr'><strong>extruxerat</strong></span> <span class='ocrx_word' id='word_1_22' title='bbox 287 587 544 662; x_wconf 75' lang='lat' dir='ltr'><strong>circumiectasque</strong></span> <span class='ocrx_word' id='word_1_23' title='bbox 564 585 653 646; x_wconf 84' lang='lat' dir='ltr'><strong>siluas</strong></span> <span class='ocrx_word' id='word_1_24' title='bbox 676 594 705 646; x_wconf 90' lang='lat' dir='ltr'><strong>et</strong></span> <span class='ocrx_word' id='word_1_25' title='bbox 725 586 934 647; x_wconf 86' lang='lat' dir='ltr'><strong>ambulationes</strong></span> <span class='ocrx_word' id='word_1_26' title='bbox 959 587 988 646; x_wconf 91' lang='lat' dir='ltr'><strong>in</strong></span> <span class='ocrx_word' id='word_1_27' title='bbox 1015 603 1095 648; x_wconf 91' lang='lat' dir='ltr'><strong>usum</strong></span> 
     </span>
     <span class='ocr_line' id='line_1_5' title="bbox 99 669 526 750; baseline -0.009 -19"><span class='ocrx_word' id='word_1_28' title='bbox 99 669 198 750; x_wconf 90' lang='lat' dir='ltr'><strong>populi</strong></span> <span class='ocrx_word' id='word_1_29' title='bbox 214 671 268 730; x_wconf 89' lang='lat' dir='ltr'><strong>iam</strong></span> <span class='ocrx_word' id='word_1_30' title='bbox 285 678 342 729; x_wconf 91' lang='lat' dir='ltr'><strong>tum</strong></span> <span class='ocrx_word' id='word_1_31' title='bbox 357 669 526 749; x_wconf 89' lang='lat' dir='ltr'><strong>publicarat.</strong></span> 
     </span>
     <span class='ocr_line' id='line_1_6' title="bbox 76 749 1135 833; baseline 0.013 -25"><span class='ocrx_word' id='word_1_32' title='bbox 76 769 87 808; x_wconf 85' lang='lat' dir='ltr'><strong>t</strong></span> <span class='ocrx_word' id='word_1_33' title='bbox 162 752 384 831; x_wconf 81' lang='lat' dir='ltr'><strong>Testamentum,</strong></span> <span class='ocrx_word' id='word_1_34' title='bbox 399 753 430 813; x_wconf 82' lang='lat' dir='ltr'><strong>t.</strong></span> <span class='ocrx_word' id='word_1_35' title='bbox 443 752 550 814; x_wconf 89' lang='lat' dir='ltr'><strong>Planco</strong></span> <span class='ocrx_word' id='word_1_36' title='bbox 564 749 596 812; x_wconf 83' lang='lat' dir='ltr'><strong>G.</strong></span> <span class='ocrx_word' id='word_1_37' title='bbox 608 753 679 812; x_wconf 87' lang='lat' dir='ltr'><strong>Silio</strong></span> <span class='ocrx_word' id='word_1_38' title='bbox 696 771 777 814; x_wconf 91' lang='lat' dir='ltr'><strong>cons.</strong></span> <span class='ocrx_word' id='word_1_39' title='bbox 790 754 840 815; x_wconf 93' lang='lat' dir='ltr'><strong>lll.</strong></span> <span class='ocrx_word' id='word_1_40' title='bbox 856 753 931 814; x_wconf 88' lang='lat' dir='ltr'><strong>Nou.</strong></span> <span class='ocrx_word' id='word_1_41' title='bbox 944 754 1074 833; x_wconf 79' lang='lat' dir='ltr'><strong>Apriles,</strong></span> <span class='ocrx_word' id='word_1_42' title='bbox 1088 767 1135 822; x_wconf 87' lang='lat'><strong>101</strong></span> 
     </span>
     <span class='ocr_line' id='line_1_7' title="bbox 98 838 1095 917; baseline -0.002 -17"><span class='ocrx_word' id='word_1_43' title='bbox 98 846 164 900; x_wconf 88' lang='lat' dir='ltr'><strong>ante</strong></span> <span class='ocrx_word' id='word_1_44' title='bbox 188 856 288 898; x_wconf 91' lang='lat' dir='ltr'><strong>annum</strong></span> <span class='ocrx_word' id='word_1_45' title='bbox 310 847 339 898; x_wconf 90' lang='lat' dir='ltr'><strong>et</strong></span> <span class='ocrx_word' id='word_1_46' title='bbox 358 846 491 917; x_wconf 90' lang='lat' dir='ltr'><strong>quattuor</strong></span> <span class='ocrx_word' id='word_1_47' title='bbox 511 855 626 897; x_wconf 85' lang='lat' dir='ltr'><strong>menses</strong></span> <span class='ocrx_word' id='word_1_48' title='bbox 643 854 726 915; x_wconf 91' lang='lat' dir='ltr'><strong>quam</strong></span> <span class='ocrx_word' id='word_1_49' title='bbox 742 838 915 915; x_wconf 84' lang='lat' dir='ltr'><strong>decederet,</strong></span> <span class='ocrx_word' id='word_1_50' title='bbox 937 839 1043 900; x_wconf 90' lang='lat' dir='ltr'><strong>iactum</strong></span> <span class='ocrx_word' id='word_1_51' title='bbox 1059 838 1095 900; x_wconf 89' lang='lat' dir='ltr'><strong>ab</strong></span> 
     </span>
     <span class='ocr_line' id='line_1_8' title="bbox 98 921 1095 1002; baseline 0.002 -20"><span class='ocrx_word' id='word_1_52' title='bbox 98 940 135 982; x_wconf 93' lang='lat' dir='ltr'><strong>eo</strong></span> <span class='ocrx_word' id='word_1_53' title='bbox 151 939 186 982; x_wconf 89' lang='lat' dir='ltr'><strong>ac</strong></span> <span class='ocrx_word' id='word_1_54' title='bbox 201 921 312 982; x_wconf 91' lang='lat' dir='ltr'><strong>duobus</strong></span> <span class='ocrx_word' id='word_1_55' title='bbox 328 921 492 999; x_wconf 90' lang='lat' dir='ltr'><strong>codicibus,</strong></span> <span class='ocrx_word' id='word_1_56' title='bbox 515 921 617 1000; x_wconf 89' lang='lat' dir='ltr'><strong>partim</strong></span> <span class='ocrx_word' id='word_1_57' title='bbox 632 922 723 1000; x_wconf 90' lang='lat' dir='ltr'><strong>ipsius</strong></span> <span class='ocrx_word' id='word_1_58' title='bbox 738 925 840 1002; x_wconf 89' lang='lat' dir='ltr'><strong>partim</strong></span> <span class='ocrx_word' id='word_1_59' title='bbox 855 922 1024 982; x_wconf 86' lang='lat' dir='ltr'><strong>libertorum</strong></span> <span class='ocrx_word' id='word_1_60' title='bbox 1040 923 1095 984; x_wconf 91' lang='lat' dir='ltr'><strong>Po·</strong></span> 
     </span>
     <span class='ocr_line' id='line_1_9' title="bbox 2 1005 1095 1085; baseline 0.001 -20"><span class='ocrx_word' id='word_1_61' title='bbox 2 1059 18 1077; x_wconf 76' lang='grc'><strong>,.</strong></span> <span class='ocrx_word' id='word_1_62' title='bbox 97 1005 157 1082; x_wconf 74' lang='lat' dir='ltr'><strong>lybi</strong></span> <span class='ocrx_word' id='word_1_63' title='bbox 175 1016 203 1066; x_wconf 89' lang='lat' dir='ltr'><strong>et</strong></span> <span class='ocrx_word' id='word_1_64' title='bbox 218 1005 374 1067; x_wconf 88' lang='lat' dir='ltr'><strong>Hilarionis</strong></span> <span class='ocrx_word' id='word_1_65' title='bbox 391 1024 488 1081; x_wconf 92' lang='lat' dir='ltr'><strong>mann,</strong></span> <span class='ocrx_word' id='word_1_66' title='bbox 510 1007 647 1084; x_wconf 89' lang='lat' dir='ltr'><strong>scriptum</strong></span> <span class='ocrx_word' id='word_1_67' title='bbox 663 1005 882 1085; x_wconf 85' lang='lat' dir='ltr'><strong>depositumque</strong></span> <span class='ocrx_word' id='word_1_68' title='bbox 897 1006 973 1084; x_wconf 91' lang='lat' dir='ltr'><strong>apud</strong></span> <span class='ocrx_word' id='word_1_69' title='bbox 989 1025 1022 1067; x_wconf 93' lang='lat' dir='ltr'><strong>se</strong></span> <span class='ocrx_word' id='word_1_70' title='bbox 1039 1008 1095 1066; x_wconf 90' lang='lat' dir='ltr'><strong>vir·</strong></span> 
     </span>
     <span class='ocr_line' id='line_1_10' title="bbox 2 1088 1094 1170; baseline 0 -20"><span class='ocrx_word' id='word_1_71' title='bbox 2 1089 3 1094; x_wconf 72' lang='grc'>’</span> <span class='ocrx_word' id='word_1_72' title='bbox 97 1092 182 1168; x_wconf 90' lang='lat' dir='ltr'><strong>gines</strong></span> <span class='ocrx_word' id='word_1_73' title='bbox 196 1091 332 1151; x_wconf 86' lang='lat' dir='ltr'><strong>Vestales</strong></span> <span class='ocrx_word' id='word_1_74' title='bbox 355 1108 418 1149; x_wconf 91' lang='lat' dir='ltr'><strong>cum</strong></span> <span class='ocrx_word' id='word_1_75' title='bbox 440 1088 531 1150; x_wconf 87' lang='lat' dir='ltr'><strong>tribus</strong></span> <span class='ocrx_word' id='word_1_76' title='bbox 548 1091 669 1167; x_wconf 88' lang='lat' dir='ltr'><strong>signatis</strong></span> <span class='ocrx_word' id='word_1_77' title='bbox 684 1108 777 1170; x_wconf 91' lang='lat' dir='ltr'><strong>aeque</strong></span> <span class='ocrx_word' id='word_1_78' title='bbox 791 1088 983 1150; x_wconf 84' lang='lat' dir='ltr'><strong>voluminibus</strong></span> <span class='ocrx_word' id='word_1_79' title='bbox 996 1099 1094 1170; x_wconf 92' lang='lat' dir='ltr'><strong>protu-</strong></span> 
     </span>
     <span class='ocr_line' id='line_1_11' title="bbox 63 1173 1096 1253; baseline 0.002 -23"><span class='ocrx_word' id='word_1_80' title='bbox 63 1174 200 1235; x_wconf 79' lang='lat' dir='ltr'><strong>tulerunt.</strong></span> <span class='ocrx_word' id='word_1_81' title='bbox 235 1174 316 1249; x_wconf 81' lang='lat' dir='ltr'><strong>Quae</strong></span> <span class='ocrx_word' id='word_1_82' title='bbox 340 1175 433 1234; x_wconf 91' lang='lat' dir='ltr'><strong>omnia</strong></span> <span class='ocrx_word' id='word_1_83' title='bbox 458 1173 487 1232; x_wconf 92' lang='lat' dir='ltr'><strong>iu</strong></span> <span class='ocrx_word' id='word_1_84' title='bbox 514 1182 614 1234; x_wconf 89' lang='lat' dir='ltr'><strong>senatu</strong></span> <span class='ocrx_word' id='word_1_85' title='bbox 641 1183 742 1252; x_wconf 88' lang='lat' dir='ltr'><strong>aperta</strong></span> <span class='ocrx_word' id='word_1_86' title='bbox 768 1182 854 1253; x_wconf 92' lang='lat' dir='ltr'><strong>atque</strong></span> <span class='ocrx_word' id='word_1_87' title='bbox 879 1173 1000 1235; x_wconf 86' lang='lat' dir='ltr'><strong>recitato</strong></span> <span class='ocrx_word' id='word_1_88' title='bbox 1021 1183 1096 1234; x_wconf 89' lang='lat' dir='ltr'><strong>sunt.</strong></span> 
     </span>
     <span class='ocr_line' id='line_1_12' title="bbox 96 1256 1096 1338; baseline -0.002 -19"><span class='ocrx_word' id='word_1_89' title='bbox 96 1259 228 1319; x_wconf 89' lang='lat' dir='ltr'><strong>Heredes</strong></span> <span class='ocrx_word' id='word_1_90' title='bbox 248 1259 368 1318; x_wconf 90' lang='lat' dir='ltr'><strong>instituit</strong></span> <span class='ocrx_word' id='word_1_91' title='bbox 388 1258 512 1338; x_wconf 87' lang='lat' dir='ltr'><strong>primos:</strong></span> <span class='ocrx_word' id='word_1_92' title='bbox 534 1256 679 1317; x_wconf 83' lang='lat' dir='ltr'><strong>Tiberium</strong></span> <span class='ocrx_word' id='word_1_93' title='bbox 700 1276 737 1316; x_wconf 83' lang='lat' dir='ltr'><strong>ex</strong></span> <span class='ocrx_word' id='word_1_94' title='bbox 758 1267 840 1337; x_wconf 91' lang='lat' dir='ltr'><strong>parte</strong></span> <span class='ocrx_word' id='word_1_95' title='bbox 856 1256 970 1318; x_wconf 86' lang='lat' dir='ltr'><strong>dimidia</strong></span> <span class='ocrx_word' id='word_1_96' title='bbox 986 1266 1015 1317; x_wconf 92' lang='lat' dir='ltr'><strong>et</strong></span> <span class='ocrx_word' id='word_1_97' title='bbox 1030 1276 1096 1318; x_wconf 84' lang='lat' dir='ltr'><strong>sex-</strong></span> 
     </span>
     <span class='ocr_line' id='line_1_13' title="bbox 96 1341 1096 1420; baseline -0.001 -18"><span class='ocrx_word' id='word_1_98' title='bbox 96 1351 190 1420; x_wconf 88' lang='lat' dir='ltr'><strong>tante,</strong></span> <span class='ocrx_word' id='word_1_99' title='bbox 216 1341 325 1402; x_wconf 88' lang='lat' dir='ltr'><strong>Liviam</strong></span> <span class='ocrx_word' id='word_1_100' title='bbox 353 1359 391 1401; x_wconf 87' lang='lat' dir='ltr'><strong>ex</strong></span> <span class='ocrx_word' id='word_1_101' title='bbox 413 1349 495 1419; x_wconf 90' lang='lat' dir='ltr'><strong>parte</strong></span> <span class='ocrx_word' id='word_1_102' title='bbox 519 1342 619 1416; x_wconf 84' lang='lat' dir='ltr'><strong>tertia,</strong></span> <span class='ocrx_word' id='word_1_103' title='bbox 646 1360 720 1420; x_wconf 92' lang='lat' dir='ltr'><strong>qucs</strong></span> <span class='ocrx_word' id='word_1_104' title='bbox 741 1350 770 1401; x_wconf 90' lang='lat' dir='ltr'><strong>et</strong></span> <span class='ocrx_word' id='word_1_105' title='bbox 789 1342 867 1401; x_wconf 88' lang='lat' dir='ltr'><strong>ierre</strong></span> <span class='ocrx_word' id='word_1_106' title='bbox 889 1359 993 1402; x_wconf 90' lang='lat' dir='ltr'><strong>nomen</strong></span> <span class='ocrx_word' id='word_1_107' title='bbox 1016 1360 1096 1402; x_wconf 90' lang='lat' dir='ltr'><strong>suum</strong></span> 
     </span>
     <span class='ocr_line' id='line_1_14' title="bbox 97 1424 1175 1506; baseline 0 -20"><span class='ocrx_word' id='word_1_108' title='bbox 97 1427 195 1506; x_wconf 90' lang='lat' dir='ltr'><strong>iussit,</strong></span> <span class='ocrx_word' id='word_1_109' title='bbox 212 1425 371 1486; x_wconf 89' lang='lat' dir='ltr'><strong>secundos:</strong></span> <span class='ocrx_word' id='word_1_110' title='bbox 387 1424 510 1485; x_wconf 89' lang='lat' dir='ltr'><strong>Drusum</strong></span> <span class='ocrx_word' id='word_1_111' title='bbox 521 1424 620 1485; x_wconf 83' lang='lat' dir='ltr'><strong>Tiberi</strong></span> <span class='ocrx_word' id='word_1_112' title='bbox 631 1426 718 1485; x_wconf 90' lang='lat' dir='ltr'><strong>filium</strong></span> <span class='ocrx_word' id='word_1_113' title='bbox 733 1445 771 1487; x_wconf 87' lang='lat' dir='ltr'><strong>ex</strong></span> <span class='ocrx_word' id='word_1_114' title='bbox 785 1426 900 1502; x_wconf 89' lang='lat' dir='ltr'><strong>triente,</strong></span> <span class='ocrx_word' id='word_1_115' title='bbox 918 1425 1096 1505; x_wconf 84' lang='lat' dir='ltr'><strong>expertibus</strong></span> <span class='ocrx_word' id='word_1_116' title='bbox 1172 1457 1175 1462; x_wconf 38' lang='lat'>¹</span> 
     </span>
     <span class='ocr_line' id='line_1_15' title="bbox 2 1507 1205 1588; baseline 0 -18"><span class='ocrx_word' id='word_1_117' title='bbox 2 1521 7 1539; x_wconf 75' lang='grc'><strong>’·</strong></span> <span class='ocrx_word' id='word_1_118' title='bbox 95 1509 217 1588; x_wconf 91' lang='lat' dir='ltr'><strong>reliquis</strong></span> <span class='ocrx_word' id='word_1_119' title='bbox 233 1509 431 1571; x_wconf 84' lang='lat' dir='ltr'><strong>Germanicum</strong></span> <span class='ocrx_word' id='word_1_120' title='bbox 447 1507 615 1588; x_wconf 91' lang='lat' dir='ltr'><strong>liberosque</strong></span> <span class='ocrx_word' id='word_1_121' title='bbox 633 1511 695 1570; x_wconf 89' lang='lat' dir='ltr'><strong>eius</strong></span> <span class='ocrx_word' id='word_1_122' title='bbox 712 1519 773 1571; x_wconf 90' lang='lat' dir='ltr'><strong>tres</strong></span> <span class='ocrx_word' id='word_1_123' title='bbox 787 1528 874 1571; x_wconf 87' lang='lat' dir='ltr'><strong>sexus</strong></span> <span class='ocrx_word' id='word_1_124' title='bbox 889 1511 991 1588; x_wconf 83' lang='lat' dir='ltr'><strong>virilis,</strong></span> <span class='ocrx_word' id='word_1_125' title='bbox 1009 1511 1095 1570; x_wconf 90' lang='lat' dir='ltr'><strong>tertio</strong></span> <span class='ocrx_word' id='word_1_126' title='bbox 1199 1565 1205 1584; x_wconf 79' lang='lat'>‚</span> 
     </span>
     <span class='ocr_line' id='line_1_16' title="bbox 62 1593 1231 1676; baseline -0.002 -23"><span class='ocrx_word' id='word_1_127' title='bbox 62 1593 204 1673; x_wconf 81' lang='lat' dir='ltr'><strong>ugradu:</strong></span> <span class='ocrx_word' id='word_1_128' title='bbox 222 1593 402 1673; x_wconf 92' lang='lat' dir='ltr'><strong>propinquos</strong></span> <span class='ocrx_word' id='word_1_129' title='bbox 418 1593 585 1672; x_wconf 91' lang='lat' dir='ltr'><strong>amicosque</strong></span> <span class='ocrx_word' id='word_1_130' title='bbox 602 1593 767 1673; x_wconf 90' lang='lat' dir='ltr'><strong>compluris.</strong></span> <span class='ocrx_word' id='word_1_131' title='bbox 796 1593 918 1673; x_wconf 81' lang='lat' dir='ltr'><strong>Legavit</strong></span> <span class='ocrx_word' id='word_1_132' title='bbox 934 1596 1044 1675; x_wconf 93' lang='lat' dir='ltr'><strong>populo</strong></span> <span class='ocrx_word' id='word_1_133' title='bbox 1059 1596 1095 1655; x_wconf 87' lang='lat' dir='ltr'><strong>R.</strong></span> <span class='ocrx_word' id='word_1_134' title='bbox 1105 1593 1122 1676; x_wconf 64' lang='lat' dir='ltr'><strong>,i</strong></span> <span class='ocrx_word' id='word_1_135' title='bbox 1133 1606 1231 1652; x_wconf 53' lang='lat' dir='ltr'><strong>ran-cs</strong></span> 
     </span>
     <span class='ocr_line' id='line_1_17' title="bbox 96 1677 1215 1762; baseline 0.005 -24"><span class='ocrx_word' id='word_1_136' title='bbox 96 1677 347 1758; x_wconf 83' lang='lat' dir='ltr'><strong>quadringenties,</strong></span> <span class='ocrx_word' id='word_1_137' title='bbox 369 1677 500 1738; x_wconf 89' lang='lat' dir='ltr'><strong>tribubus</strong></span> <span class='ocrx_word' id='word_1_138' title='bbox 520 1679 619 1738; x_wconf 89' lang='lat' dir='ltr'><strong>tricies</strong></span> <span class='ocrx_word' id='word_1_139' title='bbox 644 1681 794 1760; x_wconf 89' lang='lat' dir='ltr'><strong>quinquies</strong></span> <span class='ocrx_word' id='word_1_140' title='bbox 811 1679 988 1757; x_wconf 89' lang='lat' dir='ltr'><strong>sestertium,</strong></span> <span class='ocrx_word' id='word_1_141' title='bbox 1011 1697 1094 1760; x_wconf 91' lang='lat' dir='ltr'><strong>prae·</strong></span> <span class='ocrx_word' id='word_1_142' title='bbox 1127 1687 1215 1762; x_wconf 69' lang='lat' dir='ltr'><strong>tyen-</strong></span> 
     </span>
     <span class='ocr_line' id='line_1_18' title="bbox 2 1760 1095 1842; baseline 0.001 -20"><span class='ocrx_word' id='word_1_143' title='bbox 2 1815 8 1822; x_wconf 82' lang='grc'><strong><em>,</em></strong></span> <span class='ocrx_word' id='word_1_144' title='bbox 94 1761 215 1823; x_wconf 90' lang='lat' dir='ltr'><strong>torianis</strong></span> <span class='ocrx_word' id='word_1_145' title='bbox 230 1760 365 1822; x_wconf 90' lang='lat' dir='ltr'><strong>militibus</strong></span> <span class='ocrx_word' id='word_1_146' title='bbox 382 1762 582 1840; x_wconf 90' lang='lat' dir='ltr'><strong>singulamilia</strong></span> <span class='ocrx_word' id='word_1_147' title='bbox 594 1781 778 1842; x_wconf 88' lang='lat' dir='ltr'><strong>nummorum,</strong></span> <span class='ocrx_word' id='word_1_148' title='bbox 796 1762 964 1825; x_wconf 91' lang='lat' dir='ltr'><strong>cohortibus</strong></span> <span class='ocrx_word' id='word_1_149' title='bbox 979 1765 1095 1825; x_wconf 87' lang='lat' dir='ltr'><strong>urbanis</strong></span> 
     </span>
     <span class='ocr_line' id='line_1_19' title="bbox 96 1845 1095 1928; baseline 0.003 -23"><span class='ocrx_word' id='word_1_150' title='bbox 96 1848 274 1924; x_wconf 81' lang='lat' dir='ltr'><strong>quingenos,</strong></span> <span class='ocrx_word' id='word_1_151' title='bbox 296 1845 453 1922; x_wconf 84' lang='lat' dir='ltr'><strong>legionaris</strong></span> <span class='ocrx_word' id='word_1_152' title='bbox 477 1853 612 1907; x_wconf 86' lang='lat' dir='ltr'><strong>trecenos</strong></span> <span class='ocrx_word' id='word_1_153' title='bbox 627 1866 771 1910; x_wconf 91' lang='lat' dir='ltr'><strong>nummos:</strong></span> <span class='ocrx_word' id='word_1_154' title='bbox 794 1867 877 1928; x_wconf 89' lang='lat' dir='ltr'><strong>quarn</strong></span> <span class='ocrx_word' id='word_1_155' title='bbox 900 1865 1034 1908; x_wconf 89' lang='lat' dir='ltr'><strong>summam</strong></span> <span class='ocrx_word' id='word_1_156' title='bbox 1049 1867 1095 1908; x_wconf 92' lang='lat' dir='ltr'><strong>re·</strong></span> 
     </span>
     <span class='ocr_line' id='line_1_20' title="bbox 95 1929 1095 2012; baseline 0.001 -23"><span class='ocrx_word' id='word_1_157' title='bbox 95 1931 276 2010; x_wconf 84' lang='lat' dir='ltr'><strong>praesentari</strong></span> <span class='ocrx_word' id='word_1_158' title='bbox 298 1929 394 2006; x_wconf 90' lang='lat' dir='ltr'><strong>iussit,</strong></span> <span class='ocrx_word' id='word_1_159' title='bbox 415 1948 480 1990; x_wconf 86' lang='lat' dir='ltr'><strong>nam</strong></span> <span class='ocrx_word' id='word_1_160' title='bbox 499 1939 528 1990; x_wconf 91' lang='lat' dir='ltr'><strong>et</strong></span> <span class='ocrx_word' id='word_1_161' title='bbox 546 1931 731 1991; x_wconf 84' lang='lat' dir='ltr'><strong>confiscatam</strong></span> <span class='ocrx_word' id='word_1_162' title='bbox 746 1950 863 2012; x_wconf 89' lang='lat' dir='ltr'><strong>semper</strong></span> <span class='ocrx_word' id='word_1_163' title='bbox 878 1935 1095 2010; x_wconf 88' lang='lat' dir='ltr'><strong>repositamque</strong></span> 
     </span>
     <span class='ocr_line' id='line_1_21' title="bbox 59 2013 1096 2096; baseline 0.001 -22"><span class='ocrx_word' id='word_1_164' title='bbox 59 2013 244 2074; x_wconf 75' lang='lat' dir='ltr'><strong>tobabuerat.</strong></span> <span class='ocrx_word' id='word_1_165' title='bbox 275 2013 400 2091; x_wconf 85' lang='lat' dir='ltr'><strong>Reliqua</strong></span> <span class='ocrx_word' id='word_1_166' title='bbox 418 2013 518 2090; x_wconf 88' lang='lat' dir='ltr'><strong>legata</strong></span> <span class='ocrx_word' id='word_1_167' title='bbox 538 2015 617 2074; x_wconf 84' lang='lat' dir='ltr'><strong>varie</strong></span> <span class='ocrx_word' id='word_1_168' title='bbox 641 2015 719 2075; x_wconf 90' lang='lat' dir='ltr'><strong>dedit</strong></span> <span class='ocrx_word' id='word_1_169' title='bbox 738 2015 932 2096; x_wconf 85' lang='lat' dir='ltr'><strong>produxitque</strong></span> <span class='ocrx_word' id='word_1_170' title='bbox 955 2015 1096 2093; x_wconf 92' lang='lat' dir='ltr'><strong>quaedam</strong></span> 
     </span>
     <span class='ocr_line' id='line_1_22' title="bbox 95 2096 1095 2178; baseline 0.001 -21"><span class='ocrx_word' id='word_1_171' title='bbox 95 2097 131 2157; x_wconf 86' lang='lat' dir='ltr'><strong>ad</strong></span> <span class='ocrx_word' id='word_1_172' title='bbox 144 2098 236 2158; x_wconf 81' lang='lat' dir='ltr'><strong>vicies</strong></span> <span class='ocrx_word' id='word_1_173' title='bbox 252 2097 428 2174; x_wconf 88' lang='lat' dir='ltr'><strong>sestertium,</strong></span> <span class='ocrx_word' id='word_1_174' title='bbox 445 2096 548 2177; x_wconf 89' lang='lat' dir='ltr'><strong>quibus</strong></span> <span class='ocrx_word' id='word_1_175' title='bbox 564 2098 713 2158; x_wconf 88' lang='lat' dir='ltr'><strong>solvendis</strong></span> <span class='ocrx_word' id='word_1_176' title='bbox 729 2118 849 2160; x_wconf 88' lang='lat' dir='ltr'><strong>annuum</strong></span> <span class='ocrx_word' id='word_1_177' title='bbox 863 2099 937 2178; x_wconf 90' lang='lat' dir='ltr'><strong>diem</strong></span> <span class='ocrx_word' id='word_1_178' title='bbox 947 2099 1028 2176; x_wconf 85' lang='lat' dir='ltr'><strong>finiit,</strong></span> <span class='ocrx_word' id='word_1_179' title='bbox 1045 2117 1095 2159; x_wconf 87' lang='lat' dir='ltr'><strong>ex·</strong></span> 
     </span>
     <span class='ocr_line' id='line_1_23' title="bbox 97 2180 1096 2262; baseline 0.001 -21"><span class='ocrx_word' id='word_1_180' title='bbox 97 2190 195 2244; x_wconf 87' lang='lat' dir='ltr'><strong>cusata</strong></span> <span class='ocrx_word' id='word_1_181' title='bbox 217 2183 260 2242; x_wconf 90' lang='lat' dir='ltr'><strong>rei</strong></span> <span class='ocrx_word' id='word_1_182' title='bbox 280 2180 429 2242; x_wconf 82' lang='lat' dir='ltr'><strong>familiaris</strong></span> <span class='ocrx_word' id='word_1_183' title='bbox 447 2181 663 2260; x_wconf 89' lang='lat' dir='ltr'><strong>mediocritate,</strong></span> <span class='ocrx_word' id='word_1_184' title='bbox 688 2201 743 2243; x_wconf 90' lang='lat' dir='ltr'><strong>nec</strong></span> <span class='ocrx_word' id='word_1_185' title='bbox 758 2184 823 2262; x_wconf 92' lang='lat' dir='ltr'><strong>plus</strong></span> <span class='ocrx_word' id='word_1_186' title='bbox 839 2191 1044 2262; x_wconf 87' lang='lat' dir='ltr'><strong>perventurum</strong></span> <span class='ocrx_word' id='word_1_187' title='bbox 1060 2182 1096 2243; x_wconf 89' lang='lat' dir='ltr'><strong>ad</strong></span> 
     </span>
     <span class='ocr_line' id='line_1_24' title="bbox 1 2265 1160 2346; baseline 0.002 -22"><span class='ocrx_word' id='word_1_188' title='bbox 1 2293 6 2312; x_wconf 64' lang='lat' dir='ltr'>v</span> <span class='ocrx_word' id='word_1_189' title='bbox 94 2265 220 2326; x_wconf 89' lang='lat' dir='ltr'><strong>heredes</strong></span> <span class='ocrx_word' id='word_1_190' title='bbox 239 2283 309 2327; x_wconf 92' lang='lat' dir='ltr'><strong>suos</strong></span> <span class='ocrx_word' id='word_1_191' title='bbox 322 2283 406 2346; x_wconf 86' lang='lat' dir='ltr'><strong>quam</strong></span> <span class='ocrx_word' id='word_1_192' title='bbox 422 2265 516 2326; x_wconf 90' lang='lat' dir='ltr'><strong>milies</strong></span> <span class='ocrx_word' id='word_1_193' title='bbox 533 2274 562 2326; x_wconf 89' lang='lat' dir='ltr'><strong>et</strong></span> <span class='ocrx_word' id='word_1_194' title='bbox 581 2266 763 2345; x_wconf 88' lang='lat' dir='ltr'><strong>quingenties</strong></span> <span class='ocrx_word' id='word_1_195' title='bbox 780 2267 949 2346; x_wconf 81' lang='lat' dir='ltr'><strong>professus,</strong></span> <span class='ocrx_word' id='word_1_196' title='bbox 965 2269 1095 2346; x_wconf 88' lang='lat' dir='ltr'><strong>quamvis</strong></span> <span class='ocrx_word' id='word_1_197' title='bbox 1108 2271 1160 2337; x_wconf 57' lang='lat'><strong>7³·</strong></span> 
     </span>
     <span class='ocr_line' id='line_1_25' title="bbox 95 2349 1158 2430; baseline 0.002 -21"><span class='ocrx_word' id='word_1_198' title='bbox 95 2350 197 2427; x_wconf 86' lang='lat' dir='ltr'><strong>viginti</strong></span> <span class='ocrx_word' id='word_1_199' title='bbox 211 2351 352 2430; x_wconf 82' lang='lat' dir='ltr'><strong>proximis</strong></span> <span class='ocrx_word' id='word_1_200' title='bbox 367 2351 448 2410; x_wconf 87' lang='lat' dir='ltr'><strong>annis</strong></span> <span class='ocrx_word' id='word_1_201' title='bbox 464 2349 665 2429; x_wconf 88' lang='lat' dir='ltr'><strong>quaterdecies</strong></span> <span class='ocrx_word' id='word_1_202' title='bbox 677 2352 770 2411; x_wconf 90' lang='lat' dir='ltr'><strong>milies</strong></span> <span class='ocrx_word' id='word_1_203' title='bbox 785 2371 822 2411; x_wconf 86' lang='lat' dir='ltr'><strong>ex</strong></span> <span class='ocrx_word' id='word_1_204' title='bbox 835 2352 1012 2412; x_wconf 90' lang='lat' dir='ltr'><strong>testamentis</strong></span> <span class='ocrx_word' id='word_1_205' title='bbox 1028 2351 1094 2411; x_wconf 88' lang='lat' dir='ltr'><strong>ami·</strong></span> <span class='ocrx_word' id='word_1_206' title='bbox 1111 2369 1158 2418; x_wconf 76' lang='lat' dir='ltr'><strong>rr.</strong></span> 
     </span>
     <span class='ocr_line' id='line_1_26' title="bbox 59 2434 1094 2516; baseline -0.001 -21"><span class='ocrx_word' id='word_1_207' title='bbox 59 2450 196 2495; x_wconf 74' lang='lat' dir='ltr'><strong>oscorum</strong></span> <span class='ocrx_word' id='word_1_208' title='bbox 217 2435 418 2515; x_wconf 90' lang='lat' dir='ltr'><strong>percepisset,</strong></span> <span class='ocrx_word' id='word_1_209' title='bbox 442 2434 518 2513; x_wconf 92' lang='lat' dir='ltr'><strong>quod</strong></span> <span class='ocrx_word' id='word_1_210' title='bbox 540 2453 634 2514; x_wconf 88' lang='lat' dir='ltr'><strong>paene</strong></span> <span class='ocrx_word' id='word_1_211' title='bbox 655 2453 738 2496; x_wconf 90' lang='lat' dir='ltr'><strong>omne</strong></span> <span class='ocrx_word' id='word_1_212' title='bbox 758 2454 820 2497; x_wconf 90' lang='lat' dir='ltr'><strong>cum</strong></span> <span class='ocrx_word' id='word_1_213' title='bbox 839 2435 950 2497; x_wconf 89' lang='lat' dir='ltr'><strong>duobus</strong></span> <span class='ocrx_word' id='word_1_214' title='bbox 967 2436 1094 2516; x_wconf 85' lang='lat' dir='ltr'><strong>paternis</strong></span> 
     </span>
     <span class='ocr_line' id='line_1_27' title="bbox 1 2518 1092 2603; baseline 0 -26"><span class='ocrx_word' id='word_1_215' title='bbox 1 2589 4 2603; x_wconf 44' lang='lat'><strong>,</strong></span> <span class='ocrx_word' id='word_1_216' title='bbox 96 2519 274 2595; x_wconf 87' lang='lat' dir='ltr'><strong>patrimoniis</strong></span> <span class='ocrx_word' id='word_1_217' title='bbox 299 2519 463 2597; x_wconf 89' lang='lat' dir='ltr'><strong>ceterisque</strong></span> <span class='ocrx_word' id='word_1_218' title='bbox 484 2518 692 2580; x_wconf 89' lang='lat' dir='ltr'><strong>hereditatibus</strong></span> <span class='ocrx_word' id='word_1_219' title='bbox 713 2521 741 2580; x_wconf 92' lang='lat' dir='ltr'><strong>in</strong></span> <span class='ocrx_word' id='word_1_220' title='bbox 761 2539 823 2581; x_wconf 89' lang='lat' dir='ltr'><strong>rem</strong></span> <span class='ocrx_word' id='word_1_221' title='bbox 841 2539 870 2601; x_wconf 92' lang='lat' dir='ltr'><strong>p.</strong></span> <span class='ocrx_word' id='word_1_222' title='bbox 895 2520 1092 2581; x_wconf 88' lang='lat' dir='ltr'><strong>absumsisset.</strong></span> 
     </span>
     <span class='ocr_line' id='line_1_28' title="bbox 95 2599 1093 2684; baseline 0.001 -24"><span class='ocrx_word' id='word_1_223' title='bbox 95 2599 182 2662; x_wconf 90' lang='lat' dir='ltr'><strong>lulias</strong></span> <span class='ocrx_word' id='word_1_224' title='bbox 196 2603 281 2663; x_wconf 91' lang='lat' dir='ltr'><strong>liliam</strong></span> <span class='ocrx_word' id='word_1_225' title='bbox 293 2611 486 2682; x_wconf 89' lang='lat' dir='ltr'><strong>neptemque,</strong></span> <span class='ocrx_word' id='word_1_226' title='bbox 501 2604 525 2662; x_wconf 90' lang='lat' dir='ltr'><strong>si</strong></span> <span class='ocrx_word' id='word_1_227' title='bbox 539 2603 656 2683; x_wconf 80' lang='lat' dir='ltr'><strong>quidjis</strong></span> <span class='ocrx_word' id='word_1_228' title='bbox 671 2604 835 2683; x_wconf 88' lang='lat' dir='ltr'><strong>accidisset,</strong></span> <span class='ocrx_word' id='word_1_229' title='bbox 852 2607 941 2666; x_wconf 89' lang='lat' dir='ltr'><strong>vetuit</strong></span> <span class='ocrx_word' id='word_1_230' title='bbox 956 2605 1093 2684; x_wconf 89' lang='lat' dir='ltr'><strong>sepulcro</strong></span> 
     </span>
     <span class='ocr_line' id='line_1_29' title="bbox 96 2685 1093 2767; baseline 0.001 -23"><span class='ocrx_word' id='word_1_231' title='bbox 96 2702 149 2745; x_wconf 89' lang='lat' dir='ltr'><strong>suo</strong></span> <span class='ocrx_word' id='word_1_232' title='bbox 166 2686 275 2761; x_wconf 80' lang='lat' dir='ltr'><strong>inferri.</strong></span> <span class='ocrx_word' id='word_1_233' title='bbox 305 2685 408 2746; x_wconf 84' lang='lat' dir='ltr'><strong>Tribus</strong></span> <span class='ocrx_word' id='word_1_234' title='bbox 424 2687 630 2767; x_wconf 87' lang='lat' dir='ltr'><strong>voluminibus,</strong></span> <span class='ocrx_word' id='word_1_235' title='bbox 654 2707 710 2749; x_wconf 93' lang='lat' dir='ltr'><strong>unc</strong></span> <span class='ocrx_word' id='word_1_236' title='bbox 727 2689 858 2750; x_wconf 90' lang='lat' dir='ltr'><strong>mandata</strong></span> <span class='ocrx_word' id='word_1_237' title='bbox 873 2690 908 2750; x_wconf 95' lang='lat' dir='ltr'><strong>de</strong></span> <span class='ocrx_word' id='word_1_238' title='bbox 924 2691 1026 2749; x_wconf 88' lang='lat' dir='ltr'><strong>iuuere</strong></span> <span class='ocrx_word' id='word_1_239' title='bbox 1040 2705 1093 2746; x_wconf 87' lang='lat' dir='ltr'><strong>suo</strong></span> 
     </span>
     <span class='ocr_line' id='line_1_30' title="bbox 97 2769 1094 2851; baseline 0.002 -23"><span class='ocrx_word' id='word_1_240' title='bbox 97 2769 267 2848; x_wconf 88' lang='lat' dir='ltr'><strong>complexus</strong></span> <span class='ocrx_word' id='word_1_241' title='bbox 287 2778 347 2847; x_wconf 88' lang='lat' dir='ltr'><strong>est,</strong></span> <span class='ocrx_word' id='word_1_242' title='bbox 369 2771 461 2832; x_wconf 89' lang='lat' dir='ltr'><strong>altero</strong></span> <span class='ocrx_word' id='word_1_243' title='bbox 481 2771 606 2831; x_wconf 89' lang='lat' dir='ltr'><strong>indicem</strong></span> <span class='ocrx_word' id='word_1_244' title='bbox 625 2791 719 2833; x_wconf 91' lang='lat' dir='ltr'><strong>rerum</strong></span> <span class='ocrx_word' id='word_1_245' title='bbox 740 2793 804 2834; x_wconf 89' lang='lat' dir='ltr'><strong>ase</strong></span> <span class='ocrx_word' id='word_1_246' title='bbox 823 2783 983 2851; x_wconf 89' lang='lat' dir='ltr'><strong>gestarum,</strong></span> <span class='ocrx_word' id='word_1_247' title='bbox 1009 2789 1094 2850; x_wconf 90' lang='lat' dir='ltr'><strong>quem</strong></span> 
     </span>
     <span class='ocr_line' id='line_1_31' title="bbox 2 2853 1093 2936; baseline 0.002 -24"><span class='ocrx_word' id='word_1_248' title='bbox 2 2889 3 2898; x_wconf 63' lang='lat'><strong>.</strong></span> <span class='ocrx_word' id='word_1_249' title='bbox 59 2853 188 2914; x_wconf 80' lang='lat' dir='ltr'><strong>aurellet</strong></span> <span class='ocrx_word' id='word_1_250' title='bbox 208 2854 293 2914; x_wconf 88' lang='lat' dir='ltr'><strong>incidi</strong></span> <span class='ocrx_word' id='word_1_251' title='bbox 314 2855 343 2913; x_wconf 90' lang='lat' dir='ltr'><strong>in</strong></span> <span class='ocrx_word' id='word_1_252' title='bbox 363 2855 461 2915; x_wconf 88' lang='lat' dir='ltr'><strong>aeneis</strong></span> <span class='ocrx_word' id='word_1_253' title='bbox 481 2855 602 2934; x_wconf 90' lang='lat' dir='ltr'><strong>tabulis,</strong></span> <span class='ocrx_word' id='word_1_254' title='bbox 625 2875 698 2936; x_wconf 86' lang='lat' dir='ltr'><strong>quae</strong></span> <span class='ocrx_word' id='word_1_255' title='bbox 714 2867 779 2918; x_wconf 91' lang='lat' dir='ltr'><strong>ante</strong></span> <span class='ocrx_word' id='word_1_256' title='bbox 794 2857 972 2918; x_wconf 85' lang='lat' dir='ltr'><strong>Mausoleum</strong></span> <span class='ocrx_word' id='word_1_257' title='bbox 988 2863 1093 2915; x_wconf 90' lang='lat' dir='ltr'><strong>statue·</strong></span> 
     </span>
    </p>

    <p class='ocr_par' dir='ltr' id='par_1_3' title="bbox 58 2935 1094 3272">
     <span class='ocr_line' id='line_1_32' title="bbox 58 2935 1093 3021; baseline 0.001 -24"><span class='ocrx_word' id='word_1_258' title='bbox 58 2935 62 2941; x_wconf 85' lang='grc'>’</span> <span class='ocrx_word' id='word_1_259' title='bbox 94 2945 205 3016; x_wconf 87' lang='lat' dir='ltr'><strong>rentur,</strong></span> <span class='ocrx_word' id='word_1_260' title='bbox 223 2939 308 2998; x_wconf 91' lang='lat' dir='ltr'><strong>tertio</strong></span> <span class='ocrx_word' id='word_1_261' title='bbox 324 2938 497 3000; x_wconf 81' lang='lat' dir='ltr'><strong>breuiarium</strong></span> <span class='ocrx_word' id='word_1_262' title='bbox 512 2941 599 3001; x_wconf 87' lang='lat' dir='ltr'><strong>totius</strong></span> <span class='ocrx_word' id='word_1_263' title='bbox 614 2941 743 3020; x_wconf 89' lang='lat' dir='ltr'><strong>imperii,</strong></span> <span class='ocrx_word' id='word_1_264' title='bbox 760 2951 893 3021; x_wconf 88' lang='lat' dir='ltr'><strong>quantum</strong></span> <span class='ocrx_word' id='word_1_265' title='bbox 910 2941 1028 3000; x_wconf 91' lang='lat' dir='ltr'><strong>militum</strong></span> <span class='ocrx_word' id='word_1_266' title='bbox 1040 2939 1093 2999; x_wconf 90' lang='lat' dir='ltr'><strong>sub</strong></span> 
     </span>
     <span class='ocr_line' id='line_1_33' title="bbox 95 3022 1094 3104; baseline 0.001 -24"><span class='ocrx_word' id='word_1_267' title='bbox 95 3023 187 3100; x_wconf 87' lang='lat' dir='ltr'><strong>signis</strong></span> <span class='ocrx_word' id='word_1_268' title='bbox 203 3022 309 3102; x_wconf 92' lang='lat' dir='ltr'><strong>ubique</strong></span> <span class='ocrx_word' id='word_1_269' title='bbox 326 3031 420 3100; x_wconf 89' lang='lat' dir='ltr'><strong>esset,</strong></span> <span class='ocrx_word' id='word_1_270' title='bbox 442 3033 576 3102; x_wconf 88' lang='lat' dir='ltr'><strong>quantum</strong></span> <span class='ocrx_word' id='word_1_271' title='bbox 591 3027 732 3104; x_wconf 89' lang='lat' dir='ltr'><strong>pecuniae</strong></span> <span class='ocrx_word' id='word_1_272' title='bbox 747 3027 776 3085; x_wconf 91' lang='lat' dir='ltr'><strong>in</strong></span> <span class='ocrx_word' id='word_1_273' title='bbox 794 3027 907 3086; x_wconf 87' lang='lat' dir='ltr'><strong>aerario</strong></span> <span class='ocrx_word' id='word_1_274' title='bbox 926 3033 955 3084; x_wconf 90' lang='lat' dir='ltr'><strong>et</strong></span> <span class='ocrx_word' id='word_1_275' title='bbox 970 3025 1049 3084; x_wconf 90' lang='lat' dir='ltr'><strong>fiscis</strong></span> <span class='ocrx_word' id='word_1_276' title='bbox 1065 3031 1094 3082; x_wconf 88' lang='lat' dir='ltr'><strong>et</strong></span> 
     </span>
     <span class='ocr_line' id='line_1_34' title="bbox 94 3107 1093 3189; baseline 0.003 -24"><span class='ocrx_word' id='word_1_277' title='bbox 94 3107 315 3185; x_wconf 82' lang='lat' dir='ltr'><strong>uectigaliorum</strong></span> <span class='ocrx_word' id='word_1_278' title='bbox 335 3108 470 3168; x_wconf 87' lang='lat' dir='ltr'><strong>residuis.</strong></span> <span class='ocrx_word' id='word_1_279' title='bbox 505 3107 622 3169; x_wconf 79' lang='lat' dir='ltr'><strong>Adiecit</strong></span> <span class='ocrx_word' id='word_1_280' title='bbox 642 3117 672 3168; x_wconf 88' lang='lat' dir='ltr'><strong>et</strong></span> <span class='ocrx_word' id='word_1_281' title='bbox 694 3109 864 3171; x_wconf 89' lang='lat' dir='ltr'><strong>libertorum</strong></span> <span class='ocrx_word' id='word_1_282' title='bbox 885 3124 1093 3189; x_wconf 87' lang='lat' dir='ltr'><strong>servorumque</strong></span> 
     </span>
     <span class='ocr_line' id='line_1_35' title="bbox 94 3189 689 3272; baseline 0.002 -22"><span class='ocrx_word' id='word_1_283' title='bbox 94 3192 227 3269; x_wconf 89' lang='lat' dir='ltr'><strong>nomina,</strong></span> <span class='ocrx_word' id='word_1_284' title='bbox 244 3209 260 3252; x_wconf 88' lang='lat' dir='ltr'><strong>a</strong></span> <span class='ocrx_word' id='word_1_285' title='bbox 275 3189 377 3270; x_wconf 92' lang='lat' dir='ltr'><strong>quibus</strong></span> <span class='ocrx_word' id='word_1_286' title='bbox 391 3193 466 3253; x_wconf 88' lang='lat' dir='ltr'><strong>ratio</strong></span> <span class='ocrx_word' id='word_1_287' title='bbox 483 3194 561 3271; x_wconf 84' lang='lat' dir='ltr'><strong>exigi</strong></span> <span class='ocrx_word' id='word_1_288' title='bbox 578 3200 689 3272; x_wconf 87' lang='lat' dir='ltr'><strong>posset.</strong></span> 
     </span>
    </p>
   </div>
   <div class='ocr_carea' id='block_1_3' title="bbox 482 3453 742 3463">
    <p class='ocr_par' dir='ltr' id='par_1_4' title="bbox 482 3453 742 3463">
     <span class='ocr_line' id='line_1_36' title="bbox 482 3453 742 3463; baseline -0.004 -1"><span class='ocrx_word' id='word_1_289' title='bbox 482 3453 742 3463; x_wconf 77' lang='lat'>-——.-—-—-—</span> 
     </span>
    </p>
   </div>
   <div class='ocr_carea' id='block_1_4' title="bbox 0 0 1239 3912">
    <p class='ocr_par' dir='ltr' id='par_1_5' title="bbox 0 0 1239 3912">
     <span class='ocr_line' id='line_1_37' title="bbox 0 0 1239 3912; baseline 0 0"><span class='ocrx_word' id='word_1_290' title='bbox 0 0 1239 3912; x_wconf 95' lang='lat' dir='ltr'><strong> </strong></span> 
     </span>
    </p>
   </div>
  </div>
 </body>
</html>
