2450 3910
251 616 293 701 O.
327 619 565 702 SUETONJ
594 621 932 708 TitANQUILLI

110 805 228 906 uu
280 747 512 906 utun
569 752 1084 909 onusnauus

476 1007 614 1072 LIBER
639 1007 715 1073 VII.

244 1198 415 1271 GALBA.
464 1199 606 1273 ΟΤΗΟ.
660 1200 917 1272 VITELLIUS.

480 1409 713 1420 ----.----.--ι

515 1549 669 1602 enirn.
1112 1585 1127 1619 ,

64 1730 78 1770 u
154 1703 317 1782 Progenies
341 1703 499 1766 Caesarum
522 1707 550 1764 in
575 1705 694 1766 Nerone
719 1704 840 1766 defecit:
867 1707 1117 1785 qnodiuturum,1

92 1787 290 1866 compluribus
303 1789 417 1867 quaidem
430 1791 531 1867 signis,
543 1789 655 1850 sedvel
673 1790 895 1850 evidentissimis
913 1791 1025 1852 duobus
1041 1809 1090 1869 ap·

7 1880 17 1894 ”
91 1873 196 1951 paruit.
224 1872 335 1949 Liviae,
348 1873 417 1932 olim
433 1883 503 1951 post
519 1873 642 1951 Augusti
658 1876 752 1934 statim
770 1876 884 1952 nuptias
900 1876 1091 1936 Veientanum

92 1975 173 2016 snum
186 1958 335 2033 reuisenti,
352 1957 575 2036 praetervolans
589 1957 940 2037 aquilagallinamalham,
952 1959 1092 2019 ramulum

91 2040 164 2100 lauri
183 2049 279 2100 rostro
297 2050 458 2116 tenentem,
477 2040 515 2105 ita
534 2050 563 2100 ut
581 2050 732 2120 rapuerat,
756 2040 869 2101 demisit
888 2045 916 2102 in
934 2045 1089 2121 gremium:

52 2147 81 2189 ro
93 2142 215 2205 eumque
227 2125 327 2185 nutriri
343 2125 448 2201 alitem,
463 2126 552 2204 pangi
563 2125 701 2185 ramulum
715 2124 890 2203 placuisset,
908 2135 986 2187 tanta
997 2126 1090 2206 pullo-

91 2227 153 2268 rum
165 2209 285 2269 suboles
297 2210 450 2287 provenit,
463 2217 493 2268 ut
504 2208 650 2287 hodieque
666 2226 700 2268 ea
716 2209 787 2268 villa
807 2208 842 2269 ad
858 2209 985 2271 Gallinas
1002 2227 1090 2270 roce-

90 2301 147 2370 tur,
160 2294 218 2354 tale
230 2310 303 2353 vero
316 2293 467 2371 lauretum,
480 2302 510 2352 ut
520 2293 719 2372 triumphaturi
732 2291 876 2354 Caesares
890 2295 955 2354 inde
976 2294 1091 2354 laureas

92 2376 303 2456 decerperent·
316 2378 426 2457 luitque
438 2394 502 2438 mos
521 2377 770 2456 triumphantibus,
788 2378 853 2438 illas
872 2379 1090 2440 eoniestim'eo·

92 2462 157 2521 dem
168 2462 236 2523 loeo
250 2481 395 2540 pangere;
410 2470 439 2521 et
451 2461 637 2523 observatum
648 2471 703 2539 est,
716 2462 770 2523 sub
783 2463 922 2542 cuiusque
932 2463 1039 2524 obitum
1047 2481 1090 2524 ar-

53 2571 81 2612 1⁵
92 2544 195 2606 horem
206 2545 241 2608 ah
255 2549 320 2626 ipso
333 2547 487 2606 institutam
495 2543 678 2624 'elanguisse
700 2545 784 2625 Ergo
796 2549 954 2609 novissimo
965 2548 1091 2609 Neronis

91 2647 167 2690 anno
180 2638 209 2690 et
223 2630 296 2690 silva
310 2631 401 2690 omnis
418 2631 531 2690 exaruit
541 2630 695 2706 radicitus,
713 2640 743 2690 et
760 2632 896 2711 quidquid
914 2633 952 2692 ihi
970 2632 1090 2712 gallina-

91 2731 152 2774 rum
172 2722 234 2774 erat
252 2715 372 2784 interiit;
389 2731 424 2774 ae
446 2713 566 2774 subinde
583 2724 659 2776 tauta
674 2715 711 2776 de
730 2715 815 2776 eaelo
835 2715 990 2777 Caesarum
1008 2714 1089 2792 aede,

94 2800 190 2877 oapita
210 2799 342 2860 omnibus
359 2798 443 2860 simul
460 2801 561 2859 statuis
578 2799 764 2877 deciderunt,
782 2800 906 2877 Augusti
925 2803 1009 2862 etiam
1026 2815 1089 2860 soo-

93 2891 188 2962 ptrum
201 2902 216 2943 e
231 2884 361 2945 manibus
380 2902 533 2943 excussum
548 2893 602 2944 est.

55 2991 83 3032 su
155 2967 266 3028 Neroni
280 2967 370 3034 Galba
382 2969 525 3028 suecessit
539 2969 617 3028 nullo
635 2969 728 3046 gradu
747 2972 918 3047 contingens
933 2968 1118 3030 Caesarum?

93 3050 217 3129 domum,
231 3052 283 3113 sed
295 3052 370 3113 haud
383 3051 468 3112 dubie
477 3052 675 3113 nobilissimus
686 3071 849 3132 magnaque
862 3062 890 3112 et
905 3061 1006 3112 vetere
1022 3070 1089 3131 pro·

91 3138 183 3215 sapia,
195 3147 225 3196 ut
237 3138 286 3218 qui
298 3146 453 3198 statuarum
468 3137 557 3198 titulis
569 3148 762 3217 pronepotem
773 3155 805 3196 se
819 3137 914 3212 Quinti
928 3135 1020 3196 Catuli
1036 3134 1089 3198 Ga·

90 3220 204 3298 pitolini
216 3240 333 3301 semper
351 3223 537 3300 ascripserit,
557 3224 716 3301 imperator
735 3238 806 3281 vero
824 3223 908 3282 etiam
923 3230 1041 3282 stemma
1061 3223 1090 3282 in

70 3345 72 3350 -
92 3306 379 3385 atrioproposuerit,
391 3323 448 3386 quo
459 3315 606 3385 paternam
618 3307 760 3384 originem
771 3304 807 3366 ad
817 3305 926 3384 lovem,
934 3315 1090 3367 maternam

7 3439 9 3450 .
52 3407 80 3450 ts
91 3387 126 3449 ad
139 3388 310 3469 Pasiphaam
325 3391 429 3452 Minois
447 3388 567 3451 uxorem
579 3390 713 3450 referret.

154 3473 300 3554 Imagines
312 3484 341 3536 et
354 3475 452 3553 elogia
464 3476 591 3535 universi
603 3475 723 3558 generis
737 3476 969 3556 exequilongum
982 3485 1036 3556 est,
1049 3475 1119 3540 iad
1187 3553 1191 3561 ⁴
