2468 3912
447 239 551 288 nrvus
570 239 760 292 auousuus.
1059 228 1100 290 43

12 403 14 480 ζ
100 400 200 462 sortiri
217 397 266 458 vel
282 399 391 458 micare
406 397 538 474 iussisse,
555 404 584 455 ut
600 397 729 459 alterutri
745 399 967 475 concederetur,
985 415 1018 457 ac
1034 414 1101 476 spe·

101 494 198 547 ctasse
219 491 369 560 utrmnque
387 481 573 557 morientem,
596 499 659 541 cum
684 491 783 562 patre,
807 485 872 564 quia
892 501 924 543 se
945 481 1101 562 optulerat,
1184 529 1186 536 ,

101 569 201 632 occiso
220 565 294 626 iilius
312 583 427 645 quoque
447 564 635 625 voluntariam
655 566 841 647 occubuisset
862 585 974 628 necem.
1005 565 1101 642 Quare

13 657 27 720 T·
101 654 213 730 ceteri,
226 653 255 710 in
269 650 314 711 bis
328 649 366 710 Μ.
379 649 524 710 Favonius
539 649 589 711 ille
605 648 723 711 catonis
737 651 880 731 aemulus,
898 670 961 712 cum
977 649 1102 712 catenati

12 731 13 756 ¹
77 736 349 818 tproducerentur,
366 734 542 814 imperatore
555 734 682 794 Antonio
698 735 859 797 honorilice
874 736 1013 814 salutato,
1026 733 1103 795 bunc

12 881 14 892 ‚
100 820 269 883 foedissimo
285 819 412 879 convitio
429 836 526 879 coram
540 818 753 899 prosciderunt.

12 905 13 912 ’
165 904 280 965 Partitis
302 911 370 983 post
391 904 544 964 victoriam
565 904 686 981 ciliciis,
713 921 777 964 cum
797 904 939 965 Antonius
955 905 1104 965 Orientem

12 991 19 998 “
101 987 308 1066 ordinandum,
324 988 390 1066 ipse
404 996 561 1049 veteranos
575 990 604 1048 in
618 987 729 1049 ltaliam
741 987 926 1065 reducendos
942 998 972 1050 et
986 990 1104 1049 munici-

12 1085 15 1130 t
102 1074 217 1156 palibus
246 1073 326 1150 agris
353 1071 550 1134 conlocandos
572 1075 755 1153 recepisset,
781 1065 876 1152 ne'que
899 1082 1105 1134 veteranorum

65 1173 92 1217 ao
101 1177 199 1238 neque
221 1173 425 1237 possessorum
448 1160 570 1235 gratiam
590 1159 694 1236 tenuit,
718 1156 817 1217 alteris
838 1155 910 1236 pelli
932 1176 981 1235 se,
1005 1155 1105 1217 alteris

100 1261 161 1304 non
181 1259 236 1322 pro
259 1259 313 1321 spe
333 1243 501 1301 meritorum
523 1243 641 1303 tractari
656 1240 855 1322 querentibus.
893 1239 956 1316 Quo
973 1239 1148 1320 temporali

99 1329 136 1390 L.
151 1327 307 1388 Antonium
323 1323 428 1385 fiducia
446 1325 628 1404 consulatus,
645 1343 730 1406 quem
747 1324 887 1403 gerebat,
906 1343 940 1386 ac
957 1325 1104 1386 fraternae

102 1412 252 1494 potentiae
268 1427 316 1469 res
331 1426 422 1469 novas
437 1409 603 1470 molientem
617 1410 780 1488 confugere
798 1410 948 1471 Perusiam
961 1409 1061 1486 coegit
1076 1415 1105 1468 et

12 1513 18 1537 ²
103 1495 142 1560 ad
161 1495 335 1556 deditionem
357 1491 432 1553 lame
455 1494 607 1573 compulit,
634 1503 805 1556 nontamen
827 1495 889 1556 siue
913 1494 1105 1572 magnisonis

66 1602 93 1644 1⁵
104 1591 136 1644 et
151 1588 217 1640 ante
239 1576 347 1636 bellum
367 1585 397 1637 et
415 1579 443 1637 in
464 1577 543 1638 bello
560 1577 780 1641 discriminibus.
816 1578 889 1640 llam
905 1595 968 1640 cum
990 1585 1105 1658 specta-

104 1664 173 1728 culo
188 1660 319 1722 ludorum
335 1663 502 1740 gregarium
521 1663 640 1725 militem
661 1666 691 1724 in
713 1663 941 1745 quattuordecim
960 1660 1106 1725 ordinibus

103 1746 258 1811 sedentem
279 1746 401 1808 excitari
423 1765 477 1827 per
492 1751 687 1829 apparitorem
701 1750 852 1827 iussisset,
873 1767 988 1810 rumore
1004 1747 1039 1808 ab
1054 1744 1105 1807 ob·

12 1845 14 1860 ’
103 1828 313 1895 trectatoribus
328 1828 417 1892 dilato
430 1836 512 1911 quasi
527 1833 648 1894 eundem
662 1851 730 1894 mox
744 1842 774 1894 et
788 1833 990 1894 discruciatum
1003 1848 1106 1892 necas·

105 1924 170 1991 set,
196 1915 338 1974 minimum
366 1915 452 1992 aluit,
481 1918 548 1997 quin
570 1921 682 1997 periret
702 1934 845 1978 concursu
861 1926 890 1977 et
909 1916 1106 1993 indignatione

66 2023 94 2065 eo
105 1998 211 2062 turbae
226 1997 367 2060 militaris.
399 1999 490 2059 Saluti
504 2000 573 2078 luit,
590 2001 666 2081 quod
681 2003 728 2080 qui
746 1999 965 2061 desiderabatur
984 2005 1107 2079 repente

104 2082 270 2163 conparuit
284 2082 436 2144 incolumis
450 2101 485 2144 ac
501 2085 564 2144 sine
578 2086 688 2145 iniuria.
724 2083 810 2145 Circa
831 2083 1000 2144 Perusinum
1015 2090 1107 2142 autem

104 2185 215 2230 murum
228 2168 397 2228 sacrificans
410 2185 505 2246 paene
518 2170 698 2248 interceptus
715 2177 760 2228 est
775 2185 791 2228 a
806 2186 890 2228 manu
903 2166 1106 2246 gladiatorum,

12 2319 13 2328 χ
106 2270 182 2334 quae
198 2251 306 2332 oppido
323 2260 469 2331 eruperat.
497 2251 618 2314 Perusia
632 2262 718 2333 capta
732 2255 762 2313 in
777 2252 916 2332 plurimos
929 2249 1106 2313 animaduer·
1116 2252 1149 2303 15

106 2340 159 2416 tit,
175 2354 260 2398 orare
274 2338 388 2398 veniam
402 2337 451 2398 vel
466 2355 607 2400 excusare
623 2356 655 2399 se
669 2337 839 2398 conantibus
849 2355 905 2398 una
919 2352 994 2397 voce
1007 2352 1107 2396 occur·

69 2439 193 2498 aurens,
215 2419 406 2482 moriendum
426 2439 504 2483 case.
539 2421 674 2482 Scribunt
690 2422 818 2502 quidam,
843 2430 990 2482 trecentos
1006 2439 1044 2480 ex
1059 2419 1107 2479 de·

107 2506 215 2566 diticiis
229 2505 342 2566 electos
357 2508 505 2586 utriusque
517 2507 625 2568 ordinis
639 2506 675 2567 ad
692 2523 770 2568 aram
777 2506 853 2567 Divo
861 2505 934 2567 lulio
950 2513 1108 2566 extructam

107 2589 206 2650 Idibus
220 2588 330 2650 blartiis
345 2589 503 2651 hostiarum
517 2610 598 2652 more
612 2600 762 2653 mactatos.
800 2589 965 2652 Extiterunt
989 2591 1036 2669 qui
1051 2597 1108 2647 tra-

108 2675 229 2751 derent,
252 2682 396 2753 conpecto
413 2675 525 2736 eumad
547 2694 625 2737 arma
640 2679 716 2755 isse,
738 2684 768 2736 ut
783 2676 890 2736 occulti
905 2673 1064 2737 adversarii
1080 2678 1109 2729 et

109 2776 184 2838 quos
197 2767 291 2819 metus
304 2760 397 2835 magis
413 2778 497 2839 quam
511 2760 644 2822 voluntas
656 2761 834 2838 contineret,
850 2760 987 2820 facultate
1002 2756 1033 2816 b.
1050 2752 1108 2814 An-

74 2843 172 2903 actoni
187 2841 268 2902 ducis
286 2842 433 2922 praebita,
454 2845 660 2922 detegerentur
675 2844 856 2924 devictisque
878 2846 903 2903 is
918 2852 948 2903 et
969 2840 1108 2901 coniisca·

108 2928 162 3004 tis,
177 2929 320 3007 promissa
334 2931 480 3005 veteranis
495 2931 622 3007 praemia
636 2929 885 3008 persolverentur.

174 3010 301 3073 Siculum
315 3012 424 3073 bellum
443 3013 591 3075 inchoavit
608 3015 766 3092 inprimis,
786 3012 838 3073 sed
855 3012 901 3072 diu
917 3010 1004 3070 traxit
1022 3009 1152 3072 inter-16

12 3096 25 3160 i
109 3096 226 3156 missum
244 3098 378 3178 saepius,
398 3097 483 3159 modo
502 3097 728 3178 reparandarum
749 3097 885 3158 classium
906 3111 1008 3171 causa,
1039 3109 1110 3170 quas

112 3180 331 3259 tempestatibus
345 3181 453 3262 duplici
468 3183 619 3260 naufragio
634 3191 663 3242 et
685 3180 799 3262 quidem
820 3199 874 3260 per
889 3186 1027 3240 aestatem
1043 3175 1108 3236 ami-

79 3279 103 3322 tt
112 3272 207 3342 serat,
222 3265 307 3326 modo
321 3284 396 3345 pace
408 3267 500 3345 iacta,
513 3267 661 3346 flagitante
673 3265 782 3344 populo
798 3265 834 3324 ob
847 3262 1020 3324 interclusos
1032 3277 1108 3321 com·

112 3357 222 3408 meatus
238 3350 398 3430 famemque
413 3353 681 3429 ingrauescentem
698 3349 792 3411 donec
805 3349 927 3409 navibus
942 3366 980 3408 ex
993 3349 1108 3422 integro

112 3431 261 3494 fabricatis
276 3453 311 3496 ac
322 3437 425 3512 uiginti
439 3453 589 3497 servorum
599 3434 898 3494 milibusmanumissis
912 3442 942 3494 et
956 3431 991 3492 ad
1002 3445 1110 3492 remum

12 3491 26 3542 ¹¹
115 3514 199 3597 datis,
215 3527 328 3597 portum
340 3519 441 3579 lulium
453 3519 529 3600 apud
540 3518 636 3599 Baias,
651 3520 769 3579 inmisso
781 3520 810 3579 in
817 3517 967 3580 Lucrinum
981 3523 1009 3577 et
1016 3514 1109 3576 dver-
