<?xml version="1.0" encoding="UTF-8"?>
<!DOCTYPE html PUBLIC "-//W3C//DTD XHTML 1.0 Transitional//EN"
    "http://www.w3.org/TR/xhtml1/DTD/xhtml1-transitional.dtd">
<html xmlns="http://www.w3.org/1999/xhtml" xml:lang="en" lang="en">
 <head>
  <title>
</title>
<meta http-equiv="Content-Type" content="text/html;charset=utf-8" />
  <meta name='ocr-system' content='tesseract 3.04.00' />
  <meta name='ocr-capabilities' content='ocr_page ocr_carea ocr_par ocr_line ocrx_word'/>
</head>
<body>
  <div class='ocr_page' id='page_1' title='image "./csuetonitranqui00suetgoog_0109.png"; bbox 0 0 2468 3912; ppageno 0'>
   <div class='ocr_carea' id='block_1_1' title="bbox 184 192 729 243">
    <p class='ocr_par' dir='ltr' id='par_1_1' title="bbox 184 192 729 243">
     <span class='ocr_line' id='line_1_1' title="bbox 184 192 729 243; baseline -0.002 0"><span class='ocrx_word' id='word_1_1' title='bbox 184 194 233 243; x_wconf 85' lang='lat' dir='ltr'><strong>cn</strong></span> <span class='ocrx_word' id='word_1_2' title='bbox 520 192 729 242; x_wconf 76' lang='lat' dir='ltr'><strong>PRAEFATIO.</strong></span> 
     </span>
    </p>
   </div>
   <div class='ocr_carea' id='block_1_2' title="bbox 185 351 1102 1765">
    <p class='ocr_par' dir='ltr' id='par_1_2' title="bbox 185 351 1086 511">
     <span class='ocr_line' id='line_1_2' title="bbox 185 351 1086 424; baseline 0.001 -14"><span class='ocrx_word' id='word_1_3' title='bbox 185 353 267 410; x_wconf 82' lang='lat' dir='ltr'><strong>tariis</strong></span> <span class='ocrx_word' id='word_1_4' title='bbox 284 357 455 410; x_wconf 87' lang='lat' dir='ltr'><strong>contractum</strong></span> <span class='ocrx_word' id='word_1_5' title='bbox 469 351 601 408; x_wconf 88' lang='lat' dir='ltr'><strong>Historiis</strong></span> <span class='ocrx_word' id='word_1_6' title='bbox 617 357 671 422; x_wconf 87' lang='grc'><strong>6,7</strong></span> <span class='ocrx_word' id='word_1_7' title='bbox 687 368 749 424; x_wconf 86' lang='lat' dir='ltr'><strong>sqq.</strong></span> <span class='ocrx_word' id='word_1_8' title='bbox 761 351 895 422; x_wconf 90' lang='lat' dir='ltr'><strong>inseruit,</strong></span> <span class='ocrx_word' id='word_1_9' title='bbox 912 353 983 408; x_wconf 90' lang='lat' dir='ltr'><strong>haec</strong></span> <span class='ocrx_word' id='word_1_10' title='bbox 998 354 1086 411; x_wconf 85' lang='lat' dir='ltr'><strong>verba</strong></span> 
     </span>
     <span class='ocr_line' id='line_1_3' title="bbox 185 431 1073 511; baseline 0 -18"><span class='ocrx_word' id='word_1_11' title='bbox 185 437 364 511; x_wconf 69' lang='lat' dir='ltr'><strong>praeposuit:</strong></span> <span class='ocrx_word' id='word_1_12' title='bbox 386 431 481 491; x_wconf 71' lang='lat' dir='ltr'><strong>‘liano</strong></span> <span class='ocrx_word' id='word_1_13' title='bbox 502 435 647 492; x_wconf 75' lang='lat' dir='ltr'><strong>historiam</strong></span> <span class='ocrx_word' id='word_1_14' title='bbox 663 435 812 492; x_wconf 83' lang='lat' dir='ltr'><strong>Suetonius</strong></span> <span class='ocrx_word' id='word_1_15' title='bbox 827 435 1002 508; x_wconf 87' lang='lat' dir='ltr'><strong>Tranquillus</strong></span> <span class='ocrx_word' id='word_1_16' title='bbox 1024 439 1073 510; x_wconf 92' lang='lat' dir='ltr'><strong>ple</strong></span> 
     </span>
    </p>

    <p class='ocr_par' dir='ltr' id='par_1_3' title="bbox 185 519 1102 1765">
     <span class='ocr_line' id='line_1_4' title="bbox 185 519 1090 593; baseline 0.002 -17"><span class='ocrx_word' id='word_1_17' title='bbox 185 521 301 577; x_wconf 91' lang='lat' dir='ltr'><strong>nissime</strong></span> <span class='ocrx_word' id='word_1_18' title='bbox 323 519 476 592; x_wconf 73' lang='lat' dir='ltr'><strong>explicuit,</strong></span> <span class='ocrx_word' id='word_1_19' title='bbox 501 519 580 575; x_wconf 92' lang='lat' dir='ltr'><strong>cuius</strong></span> <span class='ocrx_word' id='word_1_20' title='bbox 603 537 654 576; x_wconf 90' lang='lat' dir='ltr'><strong>nos</strong></span> <span class='ocrx_word' id='word_1_21' title='bbox 678 526 867 593; x_wconf 78' lang='lat' dir='ltr'><strong>competentes</strong></span> <span class='ocrx_word' id='word_1_22' title='bbox 895 521 1090 593; x_wconf 80' lang='lat' dir='ltr'><strong>portiunculas</strong></span> 
     </span>
     <span class='ocr_line' id='line_1_5' title="bbox 186 602 1087 677; baseline 0.001 -17"><span class='ocrx_word' id='word_1_23' title='bbox 186 603 375 677; x_wconf 89' lang='lat' dir='ltr'><strong>decerpsimus</strong></span> <span class='ocrx_word' id='word_1_24' title='bbox 384 603 405 658; x_wconf 78' lang='lat'><strong>⁹.</strong></span> <span class='ocrx_word' id='word_1_25' title='bbox 449 602 553 659; x_wconf 88' lang='lat' dir='ltr'><strong>Eadem</strong></span> <span class='ocrx_word' id='word_1_26' title='bbox 571 604 657 661; x_wconf 85' lang='lat' dir='ltr'><strong>verba</strong></span> <span class='ocrx_word' id='word_1_27' title='bbox 673 604 772 660; x_wconf 88' lang='lat' dir='ltr'><strong>Paulus</strong></span> <span class='ocrx_word' id='word_1_28' title='bbox 789 603 931 661; x_wconf 79' lang='lat' dir='ltr'><strong>Diaconos</strong></span> <span class='ocrx_word' id='word_1_29' title='bbox 950 602 978 660; x_wconf 91' lang='lat' dir='ltr'><strong>iu</strong></span> <span class='ocrx_word' id='word_1_30' title='bbox 992 605 1087 662; x_wconf 90' lang='lat' dir='ltr'><strong>liisto-</strong></span> 
     </span>
     <span class='ocr_line' id='line_1_6' title="bbox 185 687 1088 761; baseline 0.002 -18"><span class='ocrx_word' id='word_1_31' title='bbox 185 687 254 744; x_wconf 89' lang='lat' dir='ltr'><strong>riam</strong></span> <span class='ocrx_word' id='word_1_32' title='bbox 269 703 347 744; x_wconf 89' lang='lat' dir='ltr'><strong>suam</strong></span> <span class='ocrx_word' id='word_1_33' title='bbox 361 687 516 744; x_wconf 88' lang='lat' dir='ltr'><strong>miscellam</strong></span> <span class='ocrx_word' id='word_1_34' title='bbox 533 687 641 761; x_wconf 89' lang='lat' dir='ltr'><strong>recepit</strong></span> <span class='ocrx_word' id='word_1_35' title='bbox 659 689 792 760; x_wconf 89' lang='lat' dir='ltr'><strong>multique</strong></span> <span class='ocrx_word' id='word_1_36' title='bbox 809 688 963 761; x_wconf 84' lang='lat' dir='ltr'><strong>scriptores</strong></span> <span class='ocrx_word' id='word_1_37' title='bbox 979 690 1088 746; x_wconf 92' lang='lat' dir='ltr'><strong>mediae</strong></span> 
     </span>
     <span class='ocr_line' id='line_1_7' title="bbox 186 763 1088 845; baseline -0.002 -15"><span class='ocrx_word' id='word_1_38' title='bbox 186 770 286 830; x_wconf 86' lang='lat' dir='ltr'><strong>aetatis</strong></span> <span class='ocrx_word' id='word_1_39' title='bbox 314 771 522 844; x_wconf 85' lang='lat' dir='ltr'><strong>repetiverunt,</strong></span> <span class='ocrx_word' id='word_1_40' title='bbox 548 763 644 828; x_wconf 91' lang='lat' dir='ltr'><strong>donec</strong></span> <span class='ocrx_word' id='word_1_41' title='bbox 661 789 687 828; x_wconf 91' lang='lat' dir='ltr'><strong>a.</strong></span> <span class='ocrx_word' id='word_1_42' title='bbox 715 777 783 831; x_wconf 78' lang='lat'>1544</span> <span class='ocrx_word' id='word_1_43' title='bbox 807 772 944 829; x_wconf 80' lang='lat' dir='ltr'><strong>bobertus</strong></span> <span class='ocrx_word' id='word_1_44' title='bbox 968 773 1088 845; x_wconf 88' lang='lat' dir='ltr'><strong>Stepha-</strong></span> 
     </span>
     <span class='ocr_line' id='line_1_8' title="bbox 185 850 1089 929; baseline 0.002 -19"><span class='ocrx_word' id='word_1_45' title='bbox 185 872 237 912; x_wconf 89' lang='lat' dir='ltr'><strong>nus</strong></span> <span class='ocrx_word' id='word_1_46' title='bbox 267 857 339 912; x_wconf 92' lang='lat' dir='ltr'><strong>hanc</strong></span> <span class='ocrx_word' id='word_1_47' title='bbox 368 855 478 912; x_wconf 92' lang='lat' dir='ltr'><strong>scilicet</strong></span> <span class='ocrx_word' id='word_1_48' title='bbox 507 850 692 929; x_wconf 74' lang='lat' dir='ltr'><strong>‘Eutropii⁹⁹)</strong></span> <span class='ocrx_word' id='word_1_49' title='bbox 721 855 860 928; x_wconf 86' lang='lat' dir='ltr'><strong>epitomen</strong></span> <span class='ocrx_word' id='word_1_50' title='bbox 892 857 960 912; x_wconf 92' lang='lat' dir='ltr'><strong>belli</strong></span> <span class='ocrx_word' id='word_1_51' title='bbox 989 857 1089 913; x_wconf 86' lang='lat' dir='ltr'><strong>Gallici</strong></span> 
     </span>
     <span class='ocr_line' id='line_1_9' title="bbox 187 938 1088 1011; baseline 0 -15"><span class='ocrx_word' id='word_1_52' title='bbox 187 956 223 996; x_wconf 83' lang='lat' dir='ltr'><strong>ex</strong></span> <span class='ocrx_word' id='word_1_53' title='bbox 244 938 372 1010; x_wconf 86' lang='lat' dir='ltr'><strong>Suetonii</strong></span> <span class='ocrx_word' id='word_1_54' title='bbox 400 938 553 1011; x_wconf 82' lang='lat' dir='ltr'><strong>Tranquilli</strong></span> <span class='ocrx_word' id='word_1_55' title='bbox 577 940 758 996; x_wconf 87' lang='lat' dir='ltr'><strong>monumentis</strong></span> <span class='ocrx_word' id='word_1_56' title='bbox 781 956 852 1011; x_wconf 90' lang='lat' dir='ltr'><strong>quae</strong></span> <span class='ocrx_word' id='word_1_57' title='bbox 872 939 1088 999; x_wconf 88' lang='lat' dir='ltr'><strong>desiderantur&#39;</strong></span> 
     </span>
     <span class='ocr_line' id='line_1_10' title="bbox 187 1023 1102 1097; baseline 0.003 -17"><span class='ocrx_word' id='word_1_58' title='bbox 187 1029 317 1097; x_wconf 88' lang='lat' dir='ltr'><strong>separato</strong></span> <span class='ocrx_word' id='word_1_59' title='bbox 338 1023 437 1080; x_wconf 90' lang='lat' dir='ltr'><strong>libello</strong></span> <span class='ocrx_word' id='word_1_60' title='bbox 454 1023 568 1092; x_wconf 89' lang='lat' dir='ltr'><strong>ederet,</strong></span> <span class='ocrx_word' id='word_1_61' title='bbox 593 1040 672 1094; x_wconf 86' lang='lat' dir='ltr'><strong>quam</strong></span> <span class='ocrx_word' id='word_1_62' title='bbox 688 1023 860 1095; x_wconf 86' lang='lat' dir='ltr'><strong>posteriores</strong></span> <span class='ocrx_word' id='word_1_63' title='bbox 881 1025 1006 1080; x_wconf 89' lang='lat' dir='ltr'><strong>nonnulli</strong></span> <span class='ocrx_word' id='word_1_64' title='bbox 1027 1041 1102 1084; x_wconf 52' lang='lat' dir='ltr'><strong>cum.</strong></span> 
     </span>
     <span class='ocr_line' id='line_1_11' title="bbox 188 1106 1090 1179; baseline 0 -15"><span class='ocrx_word' id='word_1_65' title='bbox 188 1107 365 1164; x_wconf 79' lang='lat' dir='ltr'><strong>Caesarianis</strong></span> <span class='ocrx_word' id='word_1_66' title='bbox 391 1106 595 1163; x_wconf 86' lang='lat' dir='ltr'><strong>commentariis</strong></span> <span class='ocrx_word' id='word_1_67' title='bbox 625 1107 836 1164; x_wconf 81' lang='lat' dir='ltr'><strong>coniunxerunt.</strong></span> <span class='ocrx_word' id='word_1_68' title='bbox 879 1107 974 1179; x_wconf 89' lang='lat' dir='ltr'><strong>Neque</strong></span> <span class='ocrx_word' id='word_1_69' title='bbox 1000 1108 1090 1164; x_wconf 88' lang='lat' dir='ltr'><strong>minus</strong></span> 
     </span>
     <span class='ocr_line' id='line_1_12' title="bbox 187 1190 1090 1265; baseline -0.002 -15"><span class='ocrx_word' id='word_1_70' title='bbox 187 1191 320 1250; x_wconf 91' lang='lat' dir='ltr'><strong>Sidonius</strong></span> <span class='ocrx_word' id='word_1_71' title='bbox 334 1190 507 1265; x_wconf 82' lang='lat' dir='ltr'><strong>Apollinaris</strong></span> <span class='ocrx_word' id='word_1_72' title='bbox 523 1191 704 1262; x_wconf 91' lang='lat' dir='ltr'><strong>epistolarum</strong></span> <span class='ocrx_word' id='word_1_73' title='bbox 718 1195 752 1263; x_wconf 87' lang='lat'><strong>9,</strong></span> <span class='ocrx_word' id='word_1_74' title='bbox 770 1198 818 1262; x_wconf 83' lang='lat'><strong>14,</strong></span> <span class='ocrx_word' id='word_1_75' title='bbox 835 1192 882 1249; x_wconf 91' lang='lat' dir='ltr'><strong>ubi</strong></span> <span class='ocrx_word' id='word_1_76' title='bbox 897 1192 1090 1248; x_wconf 78' lang='lat' dir='ltr'><strong>difficillimam</strong></span> 
     </span>
     <span class='ocr_line' id='line_1_13' title="bbox 187 1272 1088 1347; baseline 0.001 -15"><span class='ocrx_word' id='word_1_77' title='bbox 187 1293 245 1334; x_wconf 89' lang='lat' dir='ltr'><strong>rem</strong></span> <span class='ocrx_word' id='word_1_78' title='bbox 255 1293 319 1332; x_wconf 87' lang='lat' dir='ltr'><strong>esse</strong></span> <span class='ocrx_word' id='word_1_79' title='bbox 333 1276 373 1334; x_wconf 90' lang='lat' dir='ltr'><strong>ait</strong></span> <span class='ocrx_word' id='word_1_80' title='bbox 386 1275 448 1330; x_wconf 92' lang='lat' dir='ltr'><strong>lulii</strong></span> <span class='ocrx_word' id='word_1_81' title='bbox 458 1272 587 1331; x_wconf 86' lang='lat' dir='ltr'><strong>Caesaris</strong></span> <span class='ocrx_word' id='word_1_82' title='bbox 600 1275 696 1330; x_wconf 92' lang='lat' dir='ltr'><strong>laudes</strong></span> <span class='ocrx_word' id='word_1_83' title='bbox 714 1276 870 1347; x_wconf 85' lang='lat' dir='ltr'><strong>celebrare,</strong></span> <span class='ocrx_word' id='word_1_84' title='bbox 886 1275 1024 1332; x_wconf 85' lang='lat' dir='ltr'><strong>cumhirii</strong></span> <span class='ocrx_word' id='word_1_85' title='bbox 1037 1293 1088 1333; x_wconf 90' lang='lat' dir='ltr'><strong>vo-</strong></span> 
     </span>
     <span class='ocr_line' id='line_1_14' title="bbox 187 1358 1089 1432; baseline -0.001 -15"><span class='ocrx_word' id='word_1_86' title='bbox 187 1360 299 1430; x_wconf 89' lang='lat' dir='ltr'><strong>lumina,</strong></span> <span class='ocrx_word' id='word_1_87' title='bbox 315 1359 413 1432; x_wconf 74' lang='lat' dir='ltr'><strong>‘opera</strong></span> <span class='ocrx_word' id='word_1_88' title='bbox 430 1358 582 1428; x_wconf 70' lang='lat' dir='ltr'><strong>Suetonii,</strong></span> <span class='ocrx_word' id='word_1_89' title='bbox 594 1358 706 1415; x_wconf 82' lang='lat' dir='ltr'><strong>iuuenci</strong></span> <span class='ocrx_word' id='word_1_90' title='bbox 719 1359 853 1415; x_wconf 90' lang='lat' dir='ltr'><strong>llartialis</strong></span> <span class='ocrx_word' id='word_1_91' title='bbox 866 1359 993 1427; x_wconf 85' lang='lat' dir='ltr'><strong>historia,</strong></span> <span class='ocrx_word' id='word_1_92' title='bbox 1008 1359 1089 1416; x_wconf 88' lang='lat' dir='ltr'><strong>Balbi</strong></span> 
     </span>
     <span class='ocr_line' id='line_1_15' title="bbox 188 1437 1088 1517; baseline -0.001 -17"><span class='ocrx_word' id='word_1_93' title='bbox 188 1444 345 1517; x_wconf 91' lang='lat' dir='ltr'><strong>ephemeris</strong></span> <span class='ocrx_word' id='word_1_94' title='bbox 356 1437 402 1516; x_wconf 86' lang='lat'><strong>¹⁰⁰)</strong></span> <span class='ocrx_word' id='word_1_95' title='bbox 423 1442 506 1497; x_wconf 76' lang='lat' dir='ltr'><strong>fando</strong></span> <span class='ocrx_word' id='word_1_96' title='bbox 526 1443 705 1513; x_wconf 85' lang='lat' dir='ltr'><strong>adaequanda</strong></span> <span class='ocrx_word' id='word_1_97' title='bbox 720 1443 791 1513; x_wconf 89' lang='lat' dir='ltr'><strong>sint,</strong></span> <span class='ocrx_word' id='word_1_98' title='bbox 819 1443 955 1499; x_wconf 91' lang='lat' dir='ltr'><strong>bellorum</strong></span> <span class='ocrx_word' id='word_1_99' title='bbox 976 1448 1004 1498; x_wconf 91' lang='lat' dir='ltr'><strong>et</strong></span> <span class='ocrx_word' id='word_1_100' title='bbox 1024 1443 1088 1515; x_wconf 91' lang='lat' dir='ltr'><strong>ipse</strong></span> 
     </span>
     <span class='ocr_line' id='line_1_16' title="bbox 186 1525 1088 1600; baseline -0.002 -17"><span class='ocrx_word' id='word_1_101' title='bbox 186 1528 352 1600; x_wconf 89' lang='lat' dir='ltr'><strong>scriptorem</strong></span> <span class='ocrx_word' id='word_1_102' title='bbox 358 1526 469 1582; x_wconf 82' lang='lat' dir='ltr'><strong>videtur</strong></span> <span class='ocrx_word' id='word_1_103' title='bbox 481 1525 642 1582; x_wconf 89' lang='lat' dir='ltr'><strong>Suetonium</strong></span> <span class='ocrx_word' id='word_1_104' title='bbox 656 1527 871 1583; x_wconf 83' lang='lat' dir='ltr'><strong>existimavisse.</strong></span> <span class='ocrx_word' id='word_1_105' title='bbox 903 1525 1009 1594; x_wconf 83' lang='lat' dir='ltr'><strong>Quodsi</strong></span> <span class='ocrx_word' id='word_1_106' title='bbox 1025 1527 1088 1598; x_wconf 82' lang='lat' dir='ltr'><strong>quis</strong></span> 
     </span>
     <span class='ocr_line' id='line_1_17' title="bbox 188 1609 1087 1683; baseline 0.001 -18"><span class='ocrx_word' id='word_1_107' title='bbox 188 1616 318 1683; x_wconf 84' lang='lat' dir='ltr'><strong>quaerat,</strong></span> <span class='ocrx_word' id='word_1_108' title='bbox 343 1625 398 1681; x_wconf 93' lang='lat' dir='ltr'><strong>quo</strong></span> <span class='ocrx_word' id='word_1_109' title='bbox 414 1609 495 1664; x_wconf 90' lang='lat' dir='ltr'><strong>modo</strong></span> <span class='ocrx_word' id='word_1_110' title='bbox 511 1617 564 1666; x_wconf 89' lang='lat' dir='ltr'><strong>tam</strong></span> <span class='ocrx_word' id='word_1_111' title='bbox 581 1611 669 1683; x_wconf 92' lang='lat' dir='ltr'><strong>turpis</strong></span> <span class='ocrx_word' id='word_1_112' title='bbox 685 1626 766 1666; x_wconf 92' lang='lat' dir='ltr'><strong>error</strong></span> <span class='ocrx_word' id='word_1_113' title='bbox 786 1611 855 1667; x_wconf 92' lang='lat' dir='ltr'><strong>oriri</strong></span> <span class='ocrx_word' id='word_1_114' title='bbox 872 1611 1013 1682; x_wconf 85' lang='lat' dir='ltr'><strong>potuerit,</strong></span> <span class='ocrx_word' id='word_1_115' title='bbox 1032 1613 1087 1666; x_wconf 92' lang='lat' dir='ltr'><strong>hoc</strong></span> 
     </span>
     <span class='ocr_line' id='line_1_18' title="bbox 187 1693 1089 1765; baseline 0 -15"><span class='ocrx_word' id='word_1_116' title='bbox 187 1694 253 1750; x_wconf 93' lang='lat' dir='ltr'><strong>mihi</strong></span> <span class='ocrx_word' id='word_1_117' title='bbox 276 1694 396 1749; x_wconf 91' lang='lat' dir='ltr'><strong>omnium</strong></span> <span class='ocrx_word' id='word_1_118' title='bbox 411 1693 527 1748; x_wconf 85' lang='lat' dir='ltr'><strong>maxime</strong></span> <span class='ocrx_word' id='word_1_119' title='bbox 548 1694 697 1765; x_wconf 86' lang='lat' dir='ltr'><strong>probatur,</strong></span> <span class='ocrx_word' id='word_1_120' title='bbox 722 1701 751 1749; x_wconf 92' lang='lat' dir='ltr'><strong>ut</strong></span> <span class='ocrx_word' id='word_1_121' title='bbox 771 1695 897 1752; x_wconf 90' lang='lat' dir='ltr'><strong>codicum</strong></span> <span class='ocrx_word' id='word_1_122' title='bbox 918 1695 1089 1765; x_wconf 89' lang='lat' dir='ltr'><strong>quorundam</strong></span> 
     </span>
    </p>
   </div>
   <div class='ocr_carea' id='block_1_3' title="bbox 111 1771 1088 1851">
    <p class='ocr_par' dir='ltr' id='par_1_4' title="bbox 111 1771 1088 1851">
     <span class='ocr_line' id='line_1_19' title="bbox 111 1771 1088 1851; baseline 0 -17"><span class='ocrx_word' id='word_1_123' title='bbox 111 1771 114 1778; x_wconf 51' lang='lat'><em>⁴</em></span> <span class='ocrx_word' id='word_1_124' title='bbox 188 1776 419 1834; x_wconf 83' lang='lat' dir='ltr'><strong>Caesariauorum</strong></span> <span class='ocrx_word' id='word_1_125' title='bbox 434 1777 572 1849; x_wconf 91' lang='lat' dir='ltr'><strong>principio</strong></span> <span class='ocrx_word' id='word_1_126' title='bbox 587 1777 788 1851; x_wconf 87' lang='lat' dir='ltr'><strong>praescriptum</strong></span> <span class='ocrx_word' id='word_1_127' title='bbox 806 1779 894 1834; x_wconf 83' lang='lat' dir='ltr'><strong>inisse</strong></span> <span class='ocrx_word' id='word_1_128' title='bbox 909 1784 1003 1851; x_wconf 90' lang='lat' dir='ltr'><strong>putem</strong></span> <span class='ocrx_word' id='word_1_129' title='bbox 1018 1778 1088 1836; x_wconf 84' lang='lat' dir='ltr'><strong>Sue·</strong></span> 
     </span>
    </p>
   </div>
   <div class='ocr_carea' id='block_1_4' title="bbox 38 2439 170 2532">
    <p class='ocr_par' dir='ltr' id='par_1_5' title="bbox 38 2439 170 2532">
     <span class='ocr_line' id='line_1_20' title="bbox 38 2439 170 2532; baseline 0.015 -2"><span class='ocrx_word' id='word_1_130' title='bbox 38 2439 170 2532; x_wconf 71' lang='lat' dir='ltr'><strong>uellit..</strong></span> 
     </span>
    </p>
   </div>
   <div class='ocr_carea' id='block_1_5' title="bbox 186 1860 1089 3106">
    <p class='ocr_par' dir='ltr' id='par_1_6' title="bbox 186 1860 1089 2434">
     <span class='ocr_line' id='line_1_21' title="bbox 187 1860 1089 1934; baseline 0.004 -18"><span class='ocrx_word' id='word_1_131' title='bbox 187 1863 257 1918; x_wconf 87' lang='lat' dir='ltr'><strong>tonii</strong></span> <span class='ocrx_word' id='word_1_132' title='bbox 273 1861 318 1916; x_wconf 90' lang='lat' dir='ltr'><strong>vel</strong></span> <span class='ocrx_word' id='word_1_133' title='bbox 333 1860 471 1931; x_wconf 82' lang='lat' dir='ltr'><strong>integrum</strong></span> <span class='ocrx_word' id='word_1_134' title='bbox 485 1861 582 1915; x_wconf 86' lang='lat' dir='ltr'><strong>Divum</strong></span> <span class='ocrx_word' id='word_1_135' title='bbox 597 1861 694 1917; x_wconf 90' lang='lat' dir='ltr'><strong>lulium</strong></span> <span class='ocrx_word' id='word_1_136' title='bbox 710 1863 755 1917; x_wconf 86' lang='lat' dir='ltr'><strong>vel</strong></span> <span class='ocrx_word' id='word_1_137' title='bbox 772 1879 833 1918; x_wconf 90' lang='lat' dir='ltr'><strong>eum</strong></span> <span class='ocrx_word' id='word_1_138' title='bbox 848 1864 939 1918; x_wconf 90' lang='lat' dir='ltr'><strong>locum</strong></span> <span class='ocrx_word' id='word_1_139' title='bbox 954 1862 1000 1934; x_wconf 93' lang='lat' dir='ltr'><strong>qui</strong></span> <span class='ocrx_word' id='word_1_140' title='bbox 1015 1863 1089 1920; x_wconf 85' lang='lat' dir='ltr'><strong>intra</strong></span> 
     </span>
     <span class='ocr_line' id='line_1_22' title="bbox 186 1943 1088 2019; baseline -0.003 -15"><span class='ocrx_word' id='word_1_141' title='bbox 186 1963 215 2019; x_wconf 91' lang='lat' dir='ltr'><strong>p.</strong></span> <span class='ocrx_word' id='word_1_142' title='bbox 230 1950 282 2012; x_wconf 78' lang='lat'><strong>24,</strong></span> <span class='ocrx_word' id='word_1_143' title='bbox 302 1950 336 2002; x_wconf 82' lang='lat'><strong>21</strong></span> <span class='ocrx_word' id='word_1_144' title='bbox 358 1943 393 2000; x_wconf 93' lang='lat' dir='ltr'><strong>de</strong></span> <span class='ocrx_word' id='word_1_145' title='bbox 413 1945 616 2001; x_wconf 89' lang='lat' dir='ltr'><strong>commentariis</strong></span> <span class='ocrx_word' id='word_1_146' title='bbox 637 1944 735 2001; x_wconf 84' lang='lat' dir='ltr'><strong>Gallici</strong></span> <span class='ocrx_word' id='word_1_147' title='bbox 758 1945 906 2018; x_wconf 87' lang='lat' dir='ltr'><strong>civilisque</strong></span> <span class='ocrx_word' id='word_1_148' title='bbox 926 1946 994 2002; x_wconf 91' lang='lat' dir='ltr'><strong>belli</strong></span> <span class='ocrx_word' id='word_1_149' title='bbox 1010 1946 1088 2002; x_wconf 90' lang='lat' dir='ltr'><strong>Pom-</strong></span> 
     </span>
     <span class='ocr_line' id='line_1_23' title="bbox 186 2029 1087 2104; baseline -0.001 -19"><span class='ocrx_word' id='word_1_150' title='bbox 186 2029 280 2103; x_wconf 89' lang='lat' dir='ltr'><strong>peiani</strong></span> <span class='ocrx_word' id='word_1_151' title='bbox 302 2029 416 2099; x_wconf 81' lang='lat' dir='ltr'><strong>legitur.</strong></span> <span class='ocrx_word' id='word_1_152' title='bbox 460 2030 501 2084; x_wconf 90' lang='lat' dir='ltr'><strong>lta</strong></span> <span class='ocrx_word' id='word_1_153' title='bbox 523 2029 584 2084; x_wconf 88' lang='lat' dir='ltr'><strong>lieri</strong></span> <span class='ocrx_word' id='word_1_154' title='bbox 601 2029 707 2101; x_wconf 88' lang='lat' dir='ltr'><strong>potuit,</strong></span> <span class='ocrx_word' id='word_1_155' title='bbox 737 2037 766 2084; x_wconf 90' lang='lat' dir='ltr'><strong>ut</strong></span> <span class='ocrx_word' id='word_1_156' title='bbox 784 2029 911 2085; x_wconf 89' lang='lat' dir='ltr'><strong>Suetonii</strong></span> <span class='ocrx_word' id='word_1_157' title='bbox 938 2044 1038 2104; x_wconf 87' lang='lat' dir='ltr'><strong>nornen</strong></span> <span class='ocrx_word' id='word_1_158' title='bbox 1060 2049 1087 2084; x_wconf 79' lang='lat' dir='ltr'><strong>in</strong></span> 
     </span>
     <span class='ocr_line' id='line_1_24' title="bbox 186 2113 1088 2187; baseline -0.001 -18"><span class='ocrx_word' id='word_1_159' title='bbox 186 2113 326 2187; x_wconf 90' lang='lat' dir='ltr'><strong>principio</strong></span> <span class='ocrx_word' id='word_1_160' title='bbox 348 2113 556 2184; x_wconf 81' lang='lat' dir='ltr'><strong>grandibusque</strong></span> <span class='ocrx_word' id='word_1_161' title='bbox 578 2113 681 2170; x_wconf 89' lang='lat' dir='ltr'><strong>litteris</strong></span> <span class='ocrx_word' id='word_1_162' title='bbox 703 2114 836 2187; x_wconf 86' lang='lat' dir='ltr'><strong>seriptum</strong></span> <span class='ocrx_word' id='word_1_163' title='bbox 856 2130 908 2187; x_wconf 94' lang='lat' dir='ltr'><strong>pro</strong></span> <span class='ocrx_word' id='word_1_164' title='bbox 930 2113 1010 2169; x_wconf 88' lang='lat' dir='ltr'><strong>titulo</strong></span> <span class='ocrx_word' id='word_1_165' title='bbox 1025 2115 1088 2169; x_wconf 91' lang='lat' dir='ltr'><strong>uni-</strong></span> 
     </span>
     <span class='ocr_line' id='line_1_25' title="bbox 187 2196 1088 2270; baseline -0.003 -15"><span class='ocrx_word' id='word_1_166' title='bbox 187 2199 263 2255; x_wconf 83' lang='lat' dir='ltr'><strong>versi</strong></span> <span class='ocrx_word' id='word_1_167' title='bbox 278 2197 407 2270; x_wconf 91' lang='lat' dir='ltr'><strong>corporis</strong></span> <span class='ocrx_word' id='word_1_168' title='bbox 422 2198 580 2254; x_wconf 87' lang='lat' dir='ltr'><strong>haberetur.</strong></span> <span class='ocrx_word' id='word_1_169' title='bbox 608 2196 736 2252; x_wconf 80' lang='lat' dir='ltr'><strong>Ceterum</strong></span> <span class='ocrx_word' id='word_1_170' title='bbox 747 2197 792 2254; x_wconf 89' lang='lat' dir='ltr'><strong>vel</strong></span> <span class='ocrx_word' id='word_1_171' title='bbox 808 2203 872 2270; x_wconf 87' lang='lat' dir='ltr'><strong>post</strong></span> <span class='ocrx_word' id='word_1_172' title='bbox 888 2203 999 2255; x_wconf 87' lang='lat' dir='ltr'><strong>renatas</strong></span> <span class='ocrx_word' id='word_1_173' title='bbox 1011 2198 1088 2253; x_wconf 91' lang='lat' dir='ltr'><strong>litte-</strong></span> 
     </span>
     <span class='ocr_line' id='line_1_26' title="bbox 187 2281 1087 2353; baseline 0 -17"><span class='ocrx_word' id='word_1_174' title='bbox 187 2299 233 2338; x_wconf 88' lang='lat' dir='ltr'><strong>ras</strong></span> <span class='ocrx_word' id='word_1_175' title='bbox 252 2283 342 2338; x_wconf 91' lang='lat' dir='ltr'><strong>eidem</strong></span> <span class='ocrx_word' id='word_1_176' title='bbox 357 2281 447 2336; x_wconf 88' lang='lat' dir='ltr'><strong>errori</strong></span> <span class='ocrx_word' id='word_1_177' title='bbox 465 2281 650 2337; x_wconf 82' lang='lat' dir='ltr'><strong>obstrmxisse</strong></span> <span class='ocrx_word' id='word_1_178' title='bbox 667 2297 698 2336; x_wconf 88' lang='lat' dir='ltr'><strong>se</strong></span> <span class='ocrx_word' id='word_1_179' title='bbox 714 2282 880 2337; x_wconf 88' lang='lat' dir='ltr'><strong>Ludovicum</strong></span> <span class='ocrx_word' id='word_1_180' title='bbox 895 2281 992 2337; x_wconf 86' lang='lat' dir='ltr'><strong>nescio</strong></span> <span class='ocrx_word' id='word_1_181' title='bbox 1007 2297 1087 2353; x_wconf 89' lang='lat' dir='ltr'><strong>quem</strong></span> 
     </span>
     <span class='ocr_line' id='line_1_27' title="bbox 190 2362 544 2434; baseline -0.006 -13"><span class='ocrx_word' id='word_1_182' title='bbox 190 2362 344 2421; x_wconf 85' lang='lat' dir='ltr'><strong>Gaduccum</strong></span> <span class='ocrx_word' id='word_1_183' title='bbox 367 2365 499 2434; x_wconf 81' lang='lat' dir='ltr'><strong>cognovi.</strong></span> <span class='ocrx_word' id='word_1_184' title='bbox 541 2379 544 2382; x_wconf 88' lang='lat'>·</span> 
     </span>
    </p>

    <p class='ocr_par' dir='ltr' id='par_1_7' title="bbox 186 2447 1088 3106">
     <span class='ocr_line' id='line_1_28' title="bbox 214 2447 1088 2518; baseline 0.002 -16"><span class='ocrx_word' id='word_1_185' title='bbox 214 2491 215 2494; x_wconf 63' lang='lat'>,</span> <span class='ocrx_word' id='word_1_186' title='bbox 253 2448 327 2503; x_wconf 87' lang='lat' dir='ltr'><strong>Satis</strong></span> <span class='ocrx_word' id='word_1_187' title='bbox 349 2453 429 2502; x_wconf 92' lang='lat' dir='ltr'><strong>notus</strong></span> <span class='ocrx_word' id='word_1_188' title='bbox 453 2455 496 2504; x_wconf 91' lang='lat' dir='ltr'><strong>est</strong></span> <span class='ocrx_word' id='word_1_189' title='bbox 518 2447 631 2504; x_wconf 89' lang='lat' dir='ltr'><strong>libellus</strong></span> <span class='ocrx_word' id='word_1_190' title='bbox 660 2448 700 2504; x_wconf 91' lang='lat' dir='ltr'><strong>da</strong></span> <span class='ocrx_word' id='word_1_191' title='bbox 724 2449 822 2506; x_wconf 87' lang='lat' dir='ltr'><strong>&#39;Viris</strong></span> <span class='ocrx_word' id='word_1_192' title='bbox 855 2449 1088 2518; x_wconf 80' lang='lat' dir='ltr'><strong>illustribus,</strong></span> 
     </span>
     <span class='ocr_line' id='line_1_29' title="bbox 189 2528 1087 2605; baseline 0.002 -19"><span class='ocrx_word' id='word_1_193' title='bbox 189 2530 237 2602; x_wconf 92' lang='lat' dir='ltr'><strong>qui</strong></span> <span class='ocrx_word' id='word_1_194' title='bbox 258 2530 342 2586; x_wconf 91' lang='lat' dir='ltr'><strong>hodie</strong></span> <span class='ocrx_word' id='word_1_195' title='bbox 358 2528 488 2587; x_wconf 80' lang='lat' dir='ltr'><strong>Andreae</strong></span> <span class='ocrx_word' id='word_1_196' title='bbox 506 2531 614 2587; x_wconf 86' lang='lat' dir='ltr'><strong>Schotti</strong></span> <span class='ocrx_word' id='word_1_197' title='bbox 638 2533 803 2590; x_wconf 88' lang='lat' dir='ltr'><strong>auctoritate</strong></span> <span class='ocrx_word' id='word_1_198' title='bbox 825 2540 853 2589; x_wconf 90' lang='lat' dir='ltr'><strong>et</strong></span> <span class='ocrx_word' id='word_1_199' title='bbox 874 2534 1001 2605; x_wconf 84' lang='lat' dir='ltr'><strong>exemplo</strong></span> <span class='ocrx_word' id='word_1_200' title='bbox 1026 2549 1087 2588; x_wconf 91' lang='lat' dir='ltr'><strong>cum</strong></span> 
     </span>
     <span class='ocr_line' id='line_1_30' title="bbox 188 2613 1087 2690; baseline -0.001 -19"><span class='ocrx_word' id='word_1_201' title='bbox 188 2613 306 2671; x_wconf 78' lang='lat' dir='ltr'><strong>Aurelio</strong></span> <span class='ocrx_word' id='word_1_202' title='bbox 321 2613 437 2669; x_wconf 90' lang='lat' dir='ltr'><strong>Victore</strong></span> <span class='ocrx_word' id='word_1_203' title='bbox 460 2616 504 2671; x_wconf 89' lang='lat' dir='ltr'><strong>edi</strong></span> <span class='ocrx_word' id='word_1_204' title='bbox 525 2616 614 2681; x_wconf 89' lang='lat' dir='ltr'><strong>solet;</strong></span> <span class='ocrx_word' id='word_1_205' title='bbox 637 2632 689 2671; x_wconf 91' lang='lat' dir='ltr'><strong>nec</strong></span> <span class='ocrx_word' id='word_1_206' title='bbox 706 2617 773 2674; x_wconf 88' lang='lat' dir='ltr'><strong>latet</strong></span> <span class='ocrx_word' id='word_1_207' title='bbox 788 2624 916 2690; x_wconf 89' lang='lat' dir='ltr'><strong>quantum</strong></span> <span class='ocrx_word' id='word_1_208' title='bbox 936 2617 961 2672; x_wconf 92' lang='lat' dir='ltr'><strong>is</strong></span> <span class='ocrx_word' id='word_1_209' title='bbox 979 2615 1087 2686; x_wconf 83' lang='lat' dir='ltr'><strong>negotii</strong></span> 
     </span>
     <span class='ocr_line' id='line_1_31' title="bbox 188 2696 1088 2772; baseline -0.001 -17"><span class='ocrx_word' id='word_1_210' title='bbox 188 2699 279 2755; x_wconf 90' lang='lat' dir='ltr'><strong>doctis</strong></span> <span class='ocrx_word' id='word_1_211' title='bbox 301 2696 458 2753; x_wconf 88' lang='lat' dir='ltr'><strong>hominibus</strong></span> <span class='ocrx_word' id='word_1_212' title='bbox 482 2699 628 2754; x_wconf 88' lang='lat' dir='ltr'><strong>creaverit.</strong></span> <span class='ocrx_word' id='word_1_213' title='bbox 674 2700 778 2772; x_wconf 88' lang='lat' dir='ltr'><strong>Scripti</strong></span> <span class='ocrx_word' id='word_1_214' title='bbox 806 2701 876 2757; x_wconf 91' lang='lat' dir='ltr'><strong>enim</strong></span> <span class='ocrx_word' id='word_1_215' title='bbox 901 2699 966 2756; x_wconf 91' lang='lat' dir='ltr'><strong>libri</strong></span> <span class='ocrx_word' id='word_1_216' title='bbox 992 2715 1088 2755; x_wconf 90' lang='lat' dir='ltr'><strong>omnes</strong></span> 
     </span>
     <span class='ocr_line' id='line_1_32' title="bbox 188 2783 1087 2856; baseline -0.001 -18"><span class='ocrx_word' id='word_1_217' title='bbox 188 2783 304 2838; x_wconf 88' lang='lat' dir='ltr'><strong>Plinium</strong></span> <span class='ocrx_word' id='word_1_218' title='bbox 320 2785 461 2838; x_wconf 90' lang='lat' dir='ltr'><strong>auctorem</strong></span> <span class='ocrx_word' id='word_1_219' title='bbox 479 2783 682 2855; x_wconf 89' lang='lat' dir='ltr'><strong>demonstrant,</strong></span> <span class='ocrx_word' id='word_1_220' title='bbox 708 2786 780 2840; x_wconf 90' lang='lat' dir='ltr'><strong>hunc</strong></span> <span class='ocrx_word' id='word_1_221' title='bbox 802 2787 861 2840; x_wconf 81' lang='lat' dir='ltr'><strong>tere</strong></span> <span class='ocrx_word' id='word_1_222' title='bbox 882 2785 987 2840; x_wconf 90' lang='lat' dir='ltr'><strong>titulum</strong></span> <span class='ocrx_word' id='word_1_223' title='bbox 1005 2799 1087 2856; x_wconf 88' lang='lat' dir='ltr'><strong>prae-</strong></span> 
     </span>
     <span class='ocr_line' id='line_1_33' title="bbox 189 2864 1088 2924; baseline -0.003 -1"><span class='ocrx_word' id='word_1_224' title='bbox 189 2867 326 2923; x_wconf 74' lang='lat' dir='ltr'><strong>ferentes:</strong></span> <span class='ocrx_word' id='word_1_225' title='bbox 350 2864 414 2921; x_wconf 81' lang='lat' dir='ltr'><strong>Gcii</strong></span> <span class='ocrx_word' id='word_1_226' title='bbox 426 2865 511 2922; x_wconf 81' lang='lat' dir='ltr'><strong>Plinii</strong></span> <span class='ocrx_word' id='word_1_227' title='bbox 527 2866 647 2924; x_wconf 83' lang='lat' dir='ltr'><strong>Secundi</strong></span> <span class='ocrx_word' id='word_1_228' title='bbox 659 2871 778 2924; x_wconf 83' lang='lat' dir='ltr'><strong>oratoria</strong></span> <span class='ocrx_word' id='word_1_229' title='bbox 796 2869 959 2924; x_wconf 79' lang='lat' dir='ltr'><strong>Veronensis</strong></span> <span class='ocrx_word' id='word_1_230' title='bbox 974 2869 1007 2922; x_wconf 85' lang='lat' dir='ltr'><strong>dc</strong></span> <span class='ocrx_word' id='word_1_231' title='bbox 1021 2869 1088 2922; x_wconf 81' lang='lat' dir='ltr'><strong>ciris</strong></span> 
     </span>
     <span class='ocr_line' id='line_1_34' title="bbox 186 2949 1087 3022; baseline 0 -16"><span class='ocrx_word' id='word_1_232' title='bbox 186 2951 333 3008; x_wconf 75' lang='lat' dir='ltr'><strong>idnebibue</strong></span> <span class='ocrx_word' id='word_1_233' title='bbox 348 2949 415 3005; x_wconf 86' lang='lat' dir='ltr'><strong>liber</strong></span> <span class='ocrx_word' id='word_1_234' title='bbox 432 2949 493 3007; x_wconf 85' lang='lat' dir='ltr'><strong>sire</strong></span> <span class='ocrx_word' id='word_1_235' title='bbox 508 2950 619 3008; x_wconf 84' lang='lat' dir='ltr'><strong>libellus.</strong></span> <span class='ocrx_word' id='word_1_236' title='bbox 660 2954 762 3008; x_wconf 91' lang='lat' dir='ltr'><strong>Verum</strong></span> <span class='ocrx_word' id='word_1_237' title='bbox 777 2953 879 3022; x_wconf 81' lang='lat' dir='ltr'><strong>exigna</strong></span> <span class='ocrx_word' id='word_1_238' title='bbox 895 2959 938 3008; x_wconf 90' lang='lat' dir='ltr'><strong>est</strong></span> <span class='ocrx_word' id='word_1_239' title='bbox 953 2952 1087 3008; x_wconf 92' lang='lat' dir='ltr'><strong>librorum</strong></span> 
     </span>
     <span class='ocr_line' id='line_1_35' title="bbox 188 3035 1086 3106; baseline -0.001 -16"><span class='ocrx_word' id='word_1_240' title='bbox 188 3036 355 3106; x_wconf 79' lang='lat' dir='ltr'><strong>auctoritas,</strong></span> <span class='ocrx_word' id='word_1_241' title='bbox 378 3051 437 3090; x_wconf 88' lang='lat' dir='ltr'><strong>enm</strong></span> <span class='ocrx_word' id='word_1_242' title='bbox 460 3035 498 3092; x_wconf 88' lang='lat' dir='ltr'><strong>ita</strong></span> <span class='ocrx_word' id='word_1_243' title='bbox 520 3043 648 3092; x_wconf 90' lang='lat' dir='ltr'><strong>recentes</strong></span> <span class='ocrx_word' id='word_1_244' title='bbox 673 3053 768 3092; x_wconf 91' lang='lat' dir='ltr'><strong>omnes</strong></span> <span class='ocrx_word' id='word_1_245' title='bbox 790 3035 847 3092; x_wconf 91' lang='lat' dir='ltr'><strong>sint</strong></span> <span class='ocrx_word' id='word_1_246' title='bbox 865 3042 895 3090; x_wconf 89' lang='lat' dir='ltr'><strong>ut</strong></span> <span class='ocrx_word' id='word_1_247' title='bbox 914 3053 948 3092; x_wconf 92' lang='lat' dir='ltr'><strong>ne</strong></span> <span class='ocrx_word' id='word_1_248' title='bbox 975 3037 1009 3092; x_wconf 92' lang='lat' dir='ltr'><strong>ad</strong></span> <span class='ocrx_word' id='word_1_249' title='bbox 1023 3035 1086 3091; x_wconf 86' lang='lat' dir='ltr'><strong>lllll</strong></span> 
     </span>
    </p>
   </div>
   <div class='ocr_carea' id='block_1_6' title="bbox 191 3151 384 3164">
    <p class='ocr_par' dir='ltr' id='par_1_8' title="bbox 191 3151 384 3164">
     <span class='ocr_line' id='line_1_36' title="bbox 191 3151 384 3164; baseline 0.005 -5"><span class='ocrx_word' id='word_1_250' title='bbox 191 3151 384 3164; x_wconf 54' lang='grc' dir='ltr'><strong><em>Μ</em></strong></span> 
     </span>
    </p>
   </div>
   <div class='ocr_carea' id='block_1_7' title="bbox 185 3199 1086 3527">
    <p class='ocr_par' dir='ltr' id='par_1_9' title="bbox 185 3199 1086 3322">
     <span class='ocr_line' id='line_1_37' title="bbox 254 3199 1086 3266; baseline -0.006 -14"><span class='ocrx_word' id='word_1_251' title='bbox 254 3203 299 3264; x_wconf 83' lang='grc'><strong>99)</strong></span> <span class='ocrx_word' id='word_1_252' title='bbox 318 3199 434 3265; x_wconf 82' lang='lat' dir='ltr'><strong>Eutropii</strong></span> <span class='ocrx_word' id='word_1_253' title='bbox 451 3199 517 3248; x_wconf 90' lang='lat' dir='ltr'><strong>euim</strong></span> <span class='ocrx_word' id='word_1_254' title='bbox 535 3201 636 3250; x_wconf 88' lang='lat' dir='ltr'><strong>nomine</strong></span> <span class='ocrx_word' id='word_1_255' title='bbox 657 3200 699 3250; x_wconf 93' lang='lat' dir='ltr'><strong>illo</strong></span> <span class='ocrx_word' id='word_1_256' title='bbox 719 3207 830 3266; x_wconf 89' lang='lat' dir='ltr'><strong>tempore</strong></span> <span class='ocrx_word' id='word_1_257' title='bbox 851 3201 963 3250; x_wconf 87' lang='lat' dir='ltr'><strong>Miscella</strong></span> <span class='ocrx_word' id='word_1_258' title='bbox 981 3199 1086 3251; x_wconf 84' lang='lat' dir='ltr'><strong>historia</strong></span> 
     </span>
     <span class='ocr_line' id='line_1_38' title="bbox 185 3267 507 3322; baseline 0 -3"><span class='ocrx_word' id='word_1_259' title='bbox 185 3269 259 3320; x_wconf 79' lang='lat' dir='ltr'><strong>recu</strong></span> <span class='ocrx_word' id='word_1_260' title='bbox 277 3267 507 3322; x_wconf 79' lang='lat' dir='ltr'><strong>circumferebatur.</strong></span> 
     </span>
    </p>

    <p class='ocr_par' dir='ltr' id='par_1_10' title="bbox 186 3335 1085 3527">
     <span class='ocr_line' id='line_1_39' title="bbox 257 3335 1084 3404; baseline -0.005 -17"><span class='ocrx_word' id='word_1_261' title='bbox 257 3337 318 3401; x_wconf 90' lang='grc'>100)</span> <span class='ocrx_word' id='word_1_262' title='bbox 347 3337 417 3390; x_wconf 82' lang='lat' dir='ltr'><strong>Bnlbi</strong></span> <span class='ocrx_word' id='word_1_263' title='bbox 444 3337 629 3404; x_wconf 88' lang='lat' dir='ltr'><strong>ephemeridem</strong></span> <span class='ocrx_word' id='word_1_264' title='bbox 651 3337 755 3389; x_wconf 84' lang='lat' dir='ltr'><strong>Carolus</strong></span> <span class='ocrx_word' id='word_1_265' title='bbox 776 3337 922 3404; x_wconf 76' lang='lat' dir='ltr'><strong>Nipperdey</strong></span> <span class='ocrx_word' id='word_1_266' title='bbox 944 3353 970 3403; x_wconf 92' lang='lat' dir='ltr'><strong>p.</strong></span> <span class='ocrx_word' id='word_1_267' title='bbox 995 3335 1029 3388; x_wconf 79' lang='grc'><strong>36</strong></span> <span class='ocrx_word' id='word_1_268' title='bbox 1054 3335 1084 3384; x_wconf 90' lang='lat' dir='ltr'><strong>da</strong></span> 
     </span>
     <span class='ocr_line' id='line_1_40' title="bbox 187 3405 1085 3474; baseline -0.008 -14"><span class='ocrx_word' id='word_1_269' title='bbox 187 3414 275 3460; x_wconf 82' lang='lat' dir='ltr'><strong>octavo</strong></span> <span class='ocrx_word' id='word_1_270' title='bbox 292 3407 352 3456; x_wconf 89' lang='lat' dir='ltr'><strong>belli</strong></span> <span class='ocrx_word' id='word_1_271' title='bbox 369 3407 454 3459; x_wconf 88' lang='lat' dir='ltr'><strong>Gallici</strong></span> <span class='ocrx_word' id='word_1_272' title='bbox 476 3407 537 3459; x_wconf 89' lang='lat' dir='ltr'><strong>libro</strong></span> <span class='ocrx_word' id='word_1_273' title='bbox 558 3407 690 3474; x_wconf 79' lang='lat' dir='ltr'><strong>iutelligit,</strong></span> <span class='ocrx_word' id='word_1_274' title='bbox 715 3407 758 3473; x_wconf 90' lang='lat' dir='ltr'><strong>qui</strong></span> <span class='ocrx_word' id='word_1_275' title='bbox 775 3407 838 3457; x_wconf 90' lang='lat' dir='ltr'><strong>liber</strong></span> <span class='ocrx_word' id='word_1_276' title='bbox 855 3407 888 3456; x_wconf 88' lang='lat' dir='ltr'><strong>ad</strong></span> <span class='ocrx_word' id='word_1_277' title='bbox 903 3408 1007 3458; x_wconf 84' lang='lat' dir='ltr'><strong>Bntbum</strong></span> <span class='ocrx_word' id='word_1_278' title='bbox 1025 3405 1085 3454; x_wconf 80' lang='lat' dir='ltr'><strong>mia·</strong></span> 
     </span>
     <span class='ocr_line' id='line_1_41' title="bbox 186 3482 297 3527; baseline -0.027 0"><span class='ocrx_word' id='word_1_279' title='bbox 186 3489 232 3527; x_wconf 88' lang='lat' dir='ltr'><strong>sus</strong></span> <span class='ocrx_word' id='word_1_280' title='bbox 250 3482 297 3525; x_wconf 87' lang='lat' dir='ltr'><strong>est.</strong></span> 
     </span>
    </p>
   </div>
   <div class='ocr_carea' id='block_1_8' title="bbox 0 0 1240 3912">
    <p class='ocr_par' dir='ltr' id='par_1_11' title="bbox 0 0 1240 3912">
     <span class='ocr_line' id='line_1_42' title="bbox 0 0 1240 3912; baseline 0 0"><span class='ocrx_word' id='word_1_281' title='bbox 0 0 1240 3912; x_wconf 95' lang='lat' dir='ltr'><strong> </strong></span> 
     </span>
    </p>
   </div>
  </div>
 </body>
</html>
