2466 3896
138 302 195 362 lli
224 311 254 359 c.
270 275 418 384 suuuouu
437 308 571 376 nunno..
581 308 628 354 on
644 306 725 354 vuua
742 304 924 353 causarum
939 303 1007 351 nun.
1021 303 1085 350 1111.

135 484 226 548 quum
241 482 337 546 oeque
350 463 426 524 maii
436 462 570 543 seceris!
596 461 725 522 Threces
748 458 886 538 quosdam
900 456 1050 519 Germanis
1067 474 1127 517 cor·

135 552 215 630 poris
238 547 403 609 custodibus
424 548 601 627 praeposuit.
643 545 852 620 ldyrmillonum
877 551 1035 603 armaturas
1055 542 1128 601 reci-

135 634 184 694 dit.
228 631 368 693 Columbo
395 633 515 710 victori,
546 630 652 690 leviter
673 639 768 690 tamen
789 628 904 704 saucio,
934 643 1076 687 venenum
1101 627 1128 685 in
1212 671 1215 688 .

135 719 249 797 plagam
274 715 395 794 addidit,
425 715 501 795 quod
527 733 565 774 ex
589 732 624 774 eo
652 711 849 775 Columbinum
873 711 1046 790 appellarim
1070 710 1129 790 (sic

137 809 216 861 certe
238 802 311 860 inter
326 799 381 860 alia
399 817 512 860 venena
531 800 668 876 scriptum
694 797 729 858 ab
755 813 790 856 eo
815 805 960 874 repertum
982 795 1042 872 est)
1065 811 1151 873 pra-u

136 886 216 946 sinae
229 885 348 944 factioni
363 885 401 944 ita
421 882 550 944 addictus
567 891 596 942 et
608 881 736 959 deditus,
766 889 796 940 ut
816 888 952 940 caenaret
966 881 993 938 in
1016 878 1129 939 stabulo

137 967 249 1030 assidue
264 977 293 1028 et
308 975 444 1028 maneret.
480 967 624 1045 Agitatori
642 964 774 1041 Eutycho
792 965 993 1024 comissatione
1010 961 1130 1043 quadam

135 1055 163 1112 in
192 1050 380 1131 apophoretis
406 1052 496 1111 vicies
525 1052 688 1111 sestertium
717 1047 845 1109 contulit.
888 1046 1009 1107 lncitato
1043 1064 1130 1126 equo,

138 1138 216 1196 cuius
238 1153 324 1196 causa
345 1135 436 1215 pridie
457 1137 620 1211 circenses,
650 1152 686 1194 ne
701 1134 921 1212 inquietaretur,
951 1133 1074 1192 viciniae
1092 1132 1130 1190 si·
1231 1135 1232 1162 ¹

136 1221 251 1280 lentium
273 1238 327 1300 per
349 1219 453 1279 milites
480 1219 607 1279 indicere
633 1216 762 1293 solebat,
789 1223 908 1296 praeter¹
933 1215 1030 1295 equile
1055 1233 1165 1283 mar-ro

136 1322 263 1364 moreum
278 1313 307 1362 et
327 1321 473 1382 praesepe
498 1302 654 1362 eburneum
678 1310 853 1380 praeterque
880 1317 1026 1379 purpurea
1046 1307 1129 1376 tegu-

135 1398 228 1448 menta
254 1407 288 1448 ac
311 1387 426 1447 monilia
451 1389 627 1464 egemmis,
660 1385 772 1446 domum
792 1386 875 1445 etiam
892 1391 921 1444 et
945 1383 1080 1444 familiam
1100 1393 1131 1443 et

137 1471 346 1550 supellectilem
361 1471 452 1546 dedit,
484 1489 540 1550 quo
556 1471 658 1532 lautius
674 1471 785 1530 nomine
806 1470 868 1528 eius
884 1469 994 1528 inritati
1013 1469 1128 1547 accipe-

136 1563 247 1623 rentur;
280 1553 455 1614 consulatum
473 1572 588 1633 quoque
603 1553 721 1615 traditur
738 1554 907 1614 destinasse.

94 1644 128 1699 ⁵6
200 1636 242 1696 lta
267 1636 454 1697 bacchantem
480 1647 564 1717 atque
588 1647 766 1715 grassantem
791 1654 848 1696 non
870 1635 960 1696 deiuit
981 1634 1129 1715 plerisque
1140 1660 1164 1701 aa

137 1721 244 1779 animus
271 1719 383 1780 adoriri.
428 1719 486 1780 Sed
509 1739 563 1781 una
588 1721 735 1800 alteraque
763 1722 975 1799 conspiratione
1002 1720 1129 1798 detecta,

137 1803 200 1864 aliis
229 1822 284 1882 per
314 1803 437 1882 inopiam
464 1806 625 1865 occasionis
653 1803 868 1882 cunctantibus,
895 1803 949 1864 duo
980 1805 1129 1865 consilinm

138 1889 414 1947 communicaverunt
435 1888 693 1968 perieceruntque,
720 1905 777 1949 non
798 1889 860 1948 sine
882 1890 1057 1949 conscientia
1076 1905 1130 1969 po·
1216 1904 1232 1938 a

136 1973 356 2032 tentissimorum
383 1971 550 2032 libertorum
577 1973 848 2051 praefectorumque
876 1973 1018 2052 praetori;
1052 1971 1130 2052 quod

136 2056 192 2134 ipsi
213 2073 326 2135 quoque
351 2059 405 2115 etsi
429 2055 503 2116 ialso
524 2059 553 2116 in
574 2057 693 2135 quadam
720 2057 917 2117 coniuratione
939 2058 1020 2136 qnasi
1041 2058 1166 2135 parti-ao

137 2141 218 2219 cipes
240 2140 388 2216 nominati,
420 2149 573 2220 suspectos
596 2150 690 2201 tamen
715 2160 747 2201 se
777 2149 806 2201 et
825 2141 935 2201 invisos
957 2139 1129 2202 sentiebant.

135 2222 206 2284 Nam
226 2231 255 2282 et
282 2224 375 2284 statim
404 2222 531 2284 seductis
556 2243 686 2302 magnam
715 2225 786 2285 iecit
813 2224 963 2301 invidiam,
988 2223 1129 2285 destricto

136 2306 232 2384 gladio
259 2307 401 2368 aiiirmans
428 2316 536 2387 sponte
557 2327 592 2369 se
614 2309 800 2388 periturum,
834 2311 864 2368 si
888 2315 918 2369 et
942 2309 1006 2369 illia
1031 2316 1132 2370 auom
1211 2337 1217 2352 ·

136 2390 245 2469 dipour
258 2390 427 2468 uideretur,
457 2411 512 2452 uec
534 2395 659 2454 cessavit
674 2411 712 2453 ex
731 2408 767 2453 eo
789 2393 932 2455 criminari
948 2394 1067 2453 alterum
1087 2393 1130 2454 al-

135 2473 188 2532 teri
202 2482 286 2552 atque
301 2476 373 2535 inter
384 2494 417 2535 se
432 2479 523 2536 omnis
538 2479 724 2537 committere.
1139 2503 1167 2542 2⁵

195 2554 265 2616 Cum
287 2556 444 2636 placuisset
459 2559 595 2621 Palatinis
617 2560 690 2622 ludis
711 2561 880 2639 spectaculo
903 2579 1054 2639 egressum
1068 2578 1128 2621 me·

134 2637 204 2699 ridie
224 2638 358 2718 adgredi,
388 2645 494 2721 primas
515 2643 570 2704 sibi
592 2653 690 2724 partes
707 2644 824 2706 Cassius
845 2643 976 2706 Chaerea
997 2645 1130 2706 tribunus

135 2722 262 2784 cohortis
285 2728 447 2804 praetoriae
468 2727 656 2808 depoposcit,
685 2747 768 2810 quem
790 2728 876 2790 Gaius
901 2731 1047 2790 seniorem
1072 2730 1129 2789 iam

133 2817 163 2868 ut
177 2808 293 2868 mollem
306 2816 336 2868 et
351 2810 540 2872 effeminatum
556 2811 695 2873 denotare
713 2814 789 2873 omni
804 2812 913 2892 probro
930 2822 1083 2874 consuerat
1098 2822 1130 2872 et

132 2891 217 2952 modo
234 2894 344 2970 signum
359 2896 468 2974 petenti
487 2896 652 2976 Priapum
673 2905 720 2957 aut
739 2899 918 2958 Venerem
940 2897 1024 2976 dare,
1039 2897 1127 2957 modo
1139 2923 1170 2965 aa

133 2975 285 3056 exaliqua
310 2995 395 3038 causa
416 2981 514 3057 agenti
536 2982 644 3058 gratias
670 2981 853 3042 osculandam
879 3000 990 3043 manum
1017 2983 1127 3042 oilerre
1231 3011 1232 3016 κ

132 3059 281 3121 iormatam
297 3072 521 3144 commotamque
536 3065 564 3123 in
579 3065 734 3126 obscenum
748 3064 870 3127 modum.

89 3148 123 3204 tt
194 3143 317 3204 Futurae
335 3145 433 3208 caedis
456 3148 542 3209 multa
562 3149 694 3228 prodigia
716 3152 879 3212 extiterunt.
915 3151 1065 3230 Olympiae
1088 3152 1126 3210 si-

132 3226 285 3287 mulacrum
302 3229 395 3308 lovis,
424 3232 501 3312 quod
516 3233 635 3293 dissolvi
651 3235 858 3315 transferrique
872 3236 992 3297 Rumam
1008 3235 1125 3313 placue-

132 3315 191 3384 rat,
222 3319 326 3371 tantum
355 3315 521 3376 cachinnum
549 3327 669 3396 reponte
697 3316 800 3396 edidit,
830 3328 859 3378 ut
882 3319 1020 3380 machinis
1045 3318 1172 3379 labe-as

131 3389 216 3486 iactis
237 3395 357 3492 opifices
381 3399 557 3476 diffugerint3
589 3403 813 3481 superuenitque
834 3403 902 3462 ilico
925 3402 1037 3482 quidam
1055 3402 1126 3462 Cas-

133 3488 191 3528 snus
210 3490 338 3554 nomme,
367 3481 473 3541 iussum
495 3501 527 3543 se
549 3488 661 3545 somnio
681 3485 825 3548 affirmans
844 3486 991 3548 immolare
1014 3494 1127 3546 taurum

132 3552 203 3612 lori.
248 3554 418 3636 Capitolium
445 3564 560 3646 Capuae
588 3566 630 3628 ld.
657 3568 728 3629 liar.
757 3568 794 3628 de
819 3569 902 3630 caelo
931 3578 1036 3630 tactum
1067 3579 1126 3646 est,
