2466 3896
165 205 226 268 164
268 218 298 266 c.
314 217 463 266 suauour
479 216 606 277 resno.
622 217 669 264 Da
684 217 766 264 vrua
783 217 965 288 cassanum
981 219 1049 266 ura.
1063 219 1097 268 u.

120 379 156 436 32
228 373 367 435 Convivia
383 372 501 448 agitavit
520 379 549 430 et
563 370 657 451 ampla
672 380 702 430 et
716 371 845 449 assidua,
864 391 898 432 ac
914 371 977 432 fere
997 374 1159 452 patentissi-

164 461 216 520 mis
238 458 313 517 locis
332 465 362 516 ut
382 456 550 535 plerumque
570 457 685 514 sesceni
701 456 783 515 simul
799 455 1020 516 discumberent.
1054 456 1158 517 Convi—
1215 467 1216 486 ³

163 551 246 604 ratus
261 542 306 601 cs't
321 550 350 600 et
371 558 459 618 super
480 541 655 599 emissarium
676 537 776 599 Fucini
796 539 889 617 lacus,
914 559 949 600 ac
970 558 1063 619 paene
1086 561 1158 602 sum-

163 645 292 703 mersus,
320 642 383 685 cum
407 626 510 684 emissa
537 625 645 701 impetu
668 641 742 701 aqua
765 622 963 684 redundasset.
996 624 1160 686 Adhibebat
1213 647 1216 658 ¹

165 714 241 772 omni
258 727 367 770 caenae
385 717 414 766 et
430 708 540 768 liberos
555 724 624 767 suos
641 726 703 766 curn
716 708 813 788 pueris
830 708 993 786 puellisque
1005 709 1184 786 nobilibuqs

166 797 212 875 qui
237 811 317 853 more
345 793 437 852 reteri
458 791 493 852 ad
514 791 606 852 lalcra
635 791 777 851 lectorum
800 792 936 852 sedentes
959 803 1157 854 vescerentur.

166 878 329 953 Convivae,
352 879 398 955 qui
419 875 512 955 pridie
529 875 669 953 scyphum
685 894 801 937 aureum
816 875 996 955 subripuisse
1014 879 1158 937 existima·

165 964 264 1041 batur,
279 969 418 1020 revocato
436 961 464 1019 in
480 960 554 1020 diern
569 969 718 1039 posterum
739 960 860 1020 calicem
881 960 997 1020 fictilem
1013 963 1158 1040 apposuit.

163 1048 275 1107 Dicitur
298 1047 381 1104 etiam
402 1043 552 1104 meditatus
576 1043 716 1144 edictam,
738 1062 803 1122 q.uo
826 1046 939 1104 reniam
958 1043 1040 1104 daret
1064 1045 1159 1105 ilatum

166 1132 365 1210 crepitumque
380 1129 489 1188 ventris
509 1130 538 1187 in
556 1130 689 1188 convivio
706 1128 868 1204 emittendi,
888 1146 951 1188 cum
968 1129 1191 1207 periclitatumro

166 1213 305 1295 quendam
321 1231 391 1312 prae
407 1212 517 1291 pudore
538 1231 575 1271 ex
578 1213 767 1273 ‘coutinentia
782 1215 973 1291 repperisset

123 1309 158 1364 33
230 1297 336 1359 cibi
307 1298 424 1375 nnique
441 1315 620 1376 quocumque
636 1306 664 1357 ct
679 1306 810 1375 tempore
826 1305 855 1356 et
874 1297 940 1357 loco
956 1298 1158 1375 appetentissi-

164 1403 242 1460 mus,
267 1398 451 1459 cognoscens
468 1381 609 1458 quondam
623 1381 651 1439 in
666 1380 790 1458 Augusti
806 1382 887 1458 loro,
910 1383 1041 1460 ictusque
1057 1381 1158 1441 nidore

164 1466 290 1548 prandii,
320 1464 397 1544 quod
422 1466 451 1525 in
475 1467 605 1542 proxima
626 1464 725 1524 lilartis
750 1465 823 1524 aede
846 1465 931 1526 Saliis
957 1462 1158 1544 apparabatur,

164 1552 280 1611 deserto
302 1548 435 1610 tribunali
461 1548 592 1608 ascendit
620 1548 654 1608 ad
680 1548 849 1609 sacerdotes
878 1567 991 1628 unaque
1015 1547 1157 1608 decubuit.
1169 1562 1191 1600 ιι

164 1635 228 1695 Nec
242 1644 350 1693 temere
366 1651 498 1710 umquam
514 1633 639 1692 triclinio
659 1632 800 1693 abscessit
817 1635 871 1692 nisi
891 1633 1032 1694 distentus
1052 1651 1086 1693 ac
1101 1649 1158 1692 ma·

166 1719 253 1794 dens,
270 1728 299 1778 et
315 1728 345 1777 ut
360 1717 453 1777 statim
473 1718 576 1795 supino
599 1734 633 1775 ac
658 1736 711 1796 per
727 1734 855 1777 sornnum
876 1717 964 1777 hianti
980 1718 1065 1795 pinna
1080 1718 1109 1776 in
1124 1734 1158 1776 os

164 1802 312 1863 inderetur
326 1801 361 1862 ad
376 1800 589 1860 exonerandum
603 1801 788 1861 stomachum.
806 1802 903 1862 Somni
919 1801 1080 1860 breuissimi
1097 1809 1158 1860 erat

166 1889 245 1968 (uam
266 1895 331 1947 aute
352 1884 472 1944 mediam
493 1894 608 1945 noctem
630 1885 799 1964 plerumque
820 1884 994 1962 evigilabat)
1014 1893 1045 1944 ιιι
1063 1893 1158 1944 tamen

38 1965 119 2012 *ιὲ
110 1959 287 2031 ³·‘interdiu
304 1987 513 2048 nonnumquam
527 1970 556 2028 in
571 1971 632 2028 iure
648 1969 770 2029 diceudo
788 1969 1018 2029 obdormisceret
1023 1969 1192 2047 ‚vixqueao

164 2054 200 2116 ab
216 2055 363 2116 advocatis
379 2053 414 2112 de
432 2053 570 2114 industria
587 2071 691 2113 vocem
711 2053 882 2130 augentibus
899 2054 1083 2113 excitaretur.
1114 2051 1158 2111 Li-

163 2139 305 2200 bidinis
296 2157 325 2198 ιιι
349 2137 469 2198 feminas
500 2138 732 2217 profusissimus,
764 2156 872 2198 marum
899 2138 1013 2198 omnino
1041 2154 1157 2217 expers.

163 2224 267 2283 Aleam
286 2223 494 2283 studiosissime
509 2222 592 2290 lusit:
609 2221 645 2281 de
664 2224 744 2282 cuius
762 2231 824 2282 arte
841 2222 942 2281 librum
960 2238 1075 2300 quoque
1090 2221 1158 2280 emi-
1215 2263 1216 2286 2

81 2339 89 2353 ·
164 2309 214 2375 sit;
232 2305 339 2367 solitus
361 2308 445 2366 etiam
464 2308 493 2365 in
511 2307 673 2385 gestatione
693 2305 810 2383 ludere,
829 2308 868 2366 ita
889 2305 994 2366 essedo
1015 2305 1159 2410 alveoque
1200 2295 1216 2370 ‘l

164 2389 304 2469 adaptatis
319 2409 356 2449 ne
371 2389 451 2449 lusus
470 2390 702 2450 confunderetur.
1168 2412 1193 2451 ιι

122 2481 158 2536 34
226 2473 349 2532 Saevum
365 2482 394 2532 et
415 2475 625 2551 sanguinarium
644 2482 744 2536 natura
763 2473 853 2534 luisse
861 2475 1003 2551 ,magnis
1023 2472 1158 2532 minimis·
1215 2499 1216 2560 q

164 2575 221 2636 que
237 2557 369 2635 apparuit
385 2557 482 2617 rebus.
512 2558 666 2618 Tormenta
691 2561 890 2639 quaestionum
906 2575 1075 2638 poenasque
1092 2574 1158 2635 par·
1215 2561 1216 2566 ’

163 2639 317 2701 ricidarum
331 2640 570 2720 repraesentabat
586 2641 780 2722 exigebatque
795 2660 902 2704 corarn.
934 2640 1004 2702 Gum
1022 2649 1159 2718 spectare
1215 2697 1216 2700 ,

163 2727 271 2805 antiqui
289 2725 377 2785 moris
398 2725 569 2805 supplicium
584 2725 682 2786 Tiburi
704 2729 905 2806 concupisset,
928 2736 957 2786 et
973 2725 1108 2801 deligatis
1123 2723 1158 2782 ad
1215 2727 1216 2806 g

163 2810 259 2890 palum
283 2811 377 2869 noxiis
401 2811 531 2870 carnifex
552 2810 683 2888 deesset,
711 2812 833 2871 accitum
857 2810 893 2871 ab
913 2809 986 2870 urbe
1004 2821 1216 2887 vesperamao.

163 2911 255 2972 usque
271 2895 400 2973 opperiri
417 2895 626 2973 perseveravit
643 2895 830 2974 Quocumque
841 2894 1014 2972 gladiatorio
1028 2909 1159 2967 munere,
1215 2893 1216 2968 ᾗ

163 2978 210 3037 vel
229 2995 281 3038 suo
297 2977 345 3038 rel
367 2977 478 3057 alieno,
501 2981 586 3038 etiam
608 2978 684 3038 forte
706 2978 863 3058 prolapsos
885 2977 1008 3056 iugulari
1028 2976 1158 3052 iubebat
1215 2977 1216 3014 ³

163 3064 285 3122 manime
304 3064 452 3138 retiariae,
478 3072 510 3122 ut
530 3063 718 3141 expirantium
742 3063 834 3123 facies
854 3063 977 3123 rideret
1011 3060 1216 3139 (lumper
1215 3055 1216 3092 l

164 3145 305 3223 quoddam
320 3149 423 3206 mutuis
444 3147 549 3206 ictibus
574 3146 766 3224 concidisset,
790 3147 924 3207 cultellos
946 3145 1000 3206 sibi
1019 3143 1160 3224 parvulos
1215 3149 1216 3168 ι

165 3246 203 3287 ex
227 3239 350 3309 utroque
370 3232 481 3291 ierro
472 3250 500 3290 un
523 3249 605 3291 usum
624 3230 687 3290 lieri
708 3232 769 3290 siue
789 3248 869 3292 mora
890 3232 982 3292 iussit.
1017 3229 1159 3289 bestiaris
1171 3242 1198 3285 aa

17 3333 118 3387 Ιιιι
127 3335 136 3375 ι
164 3312 385 3392 meridianisque
401 3315 474 3376 adeo
491 3315 702 3392 delectabatur
718 3324 749 3374 ut
764 3324 793 3376 et
805 3317 895 3394 prima
910 3315 975 3375 luce
991 3318 1026 3376 ad
1042 3321 1160 3394 specta-

166 3393 259 3454 culum
274 3396 465 3458 descenderct
486 3408 515 3459 et
535 3398 669 3475 meridie,
691 3399 807 3459 dimisso
821 3399 856 3460 ad
872 3399 1020 3478 prandium
1035 3396 1159 3478 populo,

165 3478 352 3557 persederet,
383 3491 556 3561 praeterque
578 3482 736 3544 destinatos
757 3485 842 3544 etiarn
862 3483 921 3554 leri
948 3483 1101 3563 subitaque
1122 3481 1209 3542 de
