2450 3910
470 239 574 288 cruos
590 240 703 289 rrrus.
1028 229 1089 291 239

99 393 278 474 principibus
293 393 408 453 aliter*
424 411 482 454 non
497 391 653 472 haberent,
677 413 761 474 quam
781 398 804 457 si
826 397 927 457 eadem
948 395 1038 457 isdem
1061 405 1089 458 et

99 480 155 558 ipsi
171 478 329 555 dedissent,
346 479 454 556 primus
469 480 624 558 praeterita
640 482 734 542 omnia
754 499 810 541 uno
828 483 1007 542 confirmavit
1030 481 1087 541 edi-

16 591 35 622 ι
101 573 161 639 cto,
176 580 232 622 nec
248 581 264 622 a
280 580 313 622 se
329 564 389 641 peti
406 581 509 642 passus
525 571 578 622 est.
615 561 648 622 ln
663 566 770 624 ceteris
784 583 855 626 vero
870 566 1021 627 desideriis
1035 566 1087 627 bo-

97 649 201 707 minum
221 646 443 708 obstinatissime
464 647 569 725 tenuit,
597 665 634 706 ne
659 665 743 727 quem
762 650 824 710 siue
845 668 905 730 spe
919 650 1087 720 dimitteret;

78 732 167 811 oquin
187 740 216 791 et
238 729 455 792 admonentibus
479 731 661 810 domesticis,
690 735 771 812 quasi
790 733 872 812 plura
900 735 1089 813 polliceretur

99 835 183 896 quam
198 824 347 914 praestare
363 824 480 895 posset,
501 834 564 876 oon
578 823 723 893 oportere
736 818 775 877 ait
789 835 968 897 quemquam
984 836 1005 879 u
1021 837 1087 880 ser·

97 918 186 962 mooe
197 917 351 1000 proserpat
366 900 484 960 tristem
505 899 684 972 discedere,-
677 910 787 980 ·atque
810 902 911 962 etiam
908 903 1088 964 recordatus

98 975 278 1066 quondam
254 1001 342 1062 super
360 991 489 1060 caenam,
507 984 585 1063 quod
600 985 669 1045 nihil
686 986 817 1064 cuiquam
833 995 894 1046 toto
908 985 954 1046 die
967 991 1087 1065 praesti-

97 1073 194 1147 tisset,
208 1067 423 1129 memorabilem
437 1069 514 1130 illam
528 1071 688 1148 meritoque
703 1069 845 1130 laudatam
860 1087 963 1130 vocem
984 1069 1087 1133 edidit

61 1167 88 1209 to
98 1153 208 1230 Amaci,
225 1151 304 1212 diem
315 1152 451 1230 perdidi.

159 1237 300 1315 Populum
315 1239 344 1296 in
359 1238 459 1316 primis
481 1238 643 1297 universum
666 1246 743 1298 tanta
764 1256 817 1318 per
839 1239 930 1298 omnis
956 1240 1087 1300 occasio·

96 1341 149 1382 nes
168 1322 301 1381 comitate
317 1323 462 1398 tractavit,
475 1329 506 1380 ut
522 1323 674 1401 proposito
690 1321 863 1398 gladiatorio
879 1339 1013 1401 munere,
1027 1339 1088 1384 nun

97 1405 142 1468 ad
156 1423 254 1482 suom,
268 1404 385 1465 scd-od
396 1403 598 1482 spectantium
618 1404 780 1466 arbitrium
805 1406 943 1467 editurum
964 1425 997 1468 se
1021 1425 1086 1487 pro·

96 1493 193 1552 lessus
211 1491 261 1560 sit;
278 1499 307 1549 et
322 1489 408 1568 plane
425 1491 462 1550 ita
477 1489 558 1550 iecit.
587 1488 659 1550 Nam
680 1508 775 1570 neque
797 1493 915 1570 negavit
936 1493 1087 1571 quicquam

59 1593 87 1635 rs
99 1573 261 1655 petentibus
277 1582 307 1634 et
320 1583 351 1634 ut
367 1592 440 1653 quae
465 1573 575 1635 vellent
596 1583 730 1655 peterent
747 1575 823 1637 ultro
845 1575 1010 1637 adhortatus
1032 1584 1086 1636 est.

97 1660 172 1736 Quin
192 1667 222 1718 et
236 1658 357 1719 studium
372 1667 532 1720 armaturae
547 1657 690 1720 Threcum
712 1677 783 1739 prae
804 1679 837 1720 se
858 1661 973 1739 ferens,
996 1678 1086 1740 saepe

97 1763 161 1804 cum
178 1743 288 1822 populo
304 1753 332 1803 et
344 1761 419 1805 voce
438 1752 467 1804 et
480 1752 566 1822 gestu
580 1753 610 1804 ut
625 1745 719 1805 fautor
735 1745 885 1806 cauillatus
901 1755 962 1823 est,
988 1764 1087 1806 verum

95 1830 246 1890 maiestate
263 1827 344 1888 salva
360 1847 415 1888 nec
429 1827 520 1888 minus
537 1831 691 1907 aequitate.
732 1827 777 1889 Ne
798 1830 866 1908 quid
888 1829 1087 1909 popularitatis

96 1912 348 1994 praetermitteret,
364 1929 574 1989 nonnumquam
589 1913 617 1970 in
632 1910 752 1972 thermis
774 1914 834 1972 suis
856 1913 979 1974 admissa
1001 1913 1087 1992 plebe

57 1998 175 2058 solavit.

64 2144 67 2149 ,
159 2079 307 2156 Quaedam
321 2079 374 2139 sub
390 2097 427 2140 eo
444 2080 561 2139 fortuita
574 2097 610 2138 ac
626 2081 718 2140 tristia
732 2079 917 2156 acciderunt,
934 2089 964 2140 ut
981 2080 1086 2141 confla-

95 2167 191 2244 gratio
206 2164 309 2225 Vesvii
329 2164 433 2224 montis
448 2164 477 2222 in
494 2161 666 2242 Campania,
684 2171 715 2223 et
727 2163 889 2222 incendium
903 2164 1014 2224 Romae
1034 2182 1087 2244 por

95 2249 218 2310 triduum
230 2249 407 2328 totidemque
420 2257 532 2324 noctes,
547 2247 613 2306 item
626 2245 791 2325 pestilentia
804 2257 907 2326 quanta
915 2256 1087 2308 contenere

97 2334 180 2396 alias.
220 2333 252 2394 ln
266 2335 302 2393 iis
319 2342 361 2393 tot
376 2333 506 2394 adversis
523 2349 556 2391 ac
572 2330 676 2391 talibus
693 2347 751 2391 nun
764 2331 850 2392 modo
869 2333 1008 2412 principis
1028 2333 1086 2394 sol·

59 2417 273 2479 auttcttudmem
290 2417 341 2478 sed
355 2428 384 2479 ct
399 2418 526 2497 parentis
542 2415 675 2475 allectum
699 2415 811 2475 unicum
832 2417 990 2495 praestitit,
1013 2436 1088 2478 nunc

97 2501 276 2563 consolando
293 2521 346 2581 per
361 2501 466 2577 edicta,
482 2518 558 2560 nuuc
574 2498 741 2578 opitulando
757 2509 896 2578 quatenus
918 2510 1088 2582 suppeteret

95 2587 228 2648 facultas.
266 2584 424 2647 Curatores
441 2582 637 2645 restituendae
659 2582 832 2684 Campaniae
856 2604 872 2644 e
895 2586 1087 2646 consularium

27 2677 29 2682 '
95 2689 215 2730 numero
232 2679 311 2730 sorte
335 2669 426 2739 duxit;
448 2668 523 2729 bona
544 2685 752 2752 oppressorum
772 2671 800 2728 in
816 2670 944 2769 Vesvio,
968 2687 1087 2768 quornm

95 2754 222 2815 heredes
237 2772 295 2813 non
310 2753 456 2832 extabant,
471 2753 644 2812 restitutioni
659 2747 828 2813 alilictarum
845 2745 998 2814 ciuitatium
1010 2754 1087 2814 attri-

60 2834 170 2898 uouit!
199 2838 288 2900 Urbis
305 2837 447 2898 incendio
456 2835 535 2898 ntttt
546 2835 670 2914 patttce
683 2836 807 2915 perisse
827 2846 961 2914 testatus,
985 2845 1088 2897 cuncta

19 2927 21 2936 '
97 2924 308 3002 praetoriorum
321 2940 436 2982 suorum
446 2930 612 2982 ornamenta
627 2921 765 3000 operibus
785 2939 820 2982 ac
836 2921 952 3000 templis
964 2920 1087 2982 destina·

88 3005 138 3066 'vit
149 3010 376 3087 praeposuitque
392 3005 548 3085 compluris
565 3023 602 3064 ex
617 3007 746 3083 equestri
758 3004 868 3084 ordine,
885 3022 942 3084 quo
956 3023 1087 3084 quaeque

96 3093 232 3152 maturius
241 3101 461 3171 peragerentur.
477 3089 637 3152 Medendae
650 3088 1087 3170 valitudinileniendisqnemur·

96 3175 142 3235 bis
157 3176 262 3237 nullam
278 3177 399 3236 divinam
416 3175 624 3253 humanamque
640 3191 725 3251 opem
749 3190 807 3235 non
830 3173 973 3251 adhibuit,
997 3173 1087 3252 inqui·

63 3262 154 3320 assito
172 3263 246 3322 omni
263 3261 470 3322 sacrificiorum
488 3257 737 3336 remediorumque
750 3276 871 3335 genere.

157 3343 235 3405 luter
264 3345 385 3406 adversa
416 3353 577 3422 temporum
610 3350 638 3401 et
671 3341 817 3402 delatores
848 3342 1087 3421 mandatoresqne

98 3438 180 3489 arant
202 3447 239 3488 ex
259 3430 376 3491 licentia
396 3428 499 3488 reteri.
538 3426 600 3488 llos
626 3426 740 3487 assidue
763 3428 791 3486 in
813 3426 879 3489 foro
908 3426 1033 3505 flagellis
1053 3443 1088 3486 aa

16 3509 28 3534 *‘
96 3513 220 3574 fustibus
237 3530 339 3574 caesos
358 3531 393 3574 ac
409 3512 563 3574 nouissime
579 3511 728 3574 traductos
744 3530 797 3594 per
812 3511 1010 3595 amphitheatri
1025 3528 1087 3572 are·
