2434 3908
481 234 688 284 PRAEFATIO.
989 237 1035 284 LV

135 393 283 458 senatoria
309 392 454 467 possidet,
485 393 557 449 unde
586 394 716 450 nonnulla
742 395 884 468 excerpsit
910 394 1031 466 Ernesti,

134 485 214 556 plura
228 475 540 548 baumgarten-Grusius
552 485 566 536 1
583 495 609 548 p.
623 477 694 533 XVI.
706 478 775 534 llLll
791 479 924 550 prodidit,
941 477 1032 535 omnia

136 563 318 622 amicissimus
340 561 555 617 'lbeodorus
577 561 735 618 lloebius
755 578 860 618 mecum
883 563 1032 620 eommuni-

136 649 219 706 cavit.

196 732 334 802 vulgatae
349 725 478 784 leotionis
492 727 658 800 principium
671 727 800 785 Aldina
813 738 856 787 est
870 731 976 801 editio,
997 731 1031 788 ab
1050 730 1131 773 arum

136 818 209 874 Aldo
231 815 279 870 Pio
298 813 418 868 Manutio
443 817 471 866 et
497 811 600 867 loanne
622 811 745 882 Baptista
767 813 886 884 lignatio
905 814 1033 872 Venetiis

137 919 162 958 a.
180 904 248 959 1508
263 903 356 954 curata
370 902 398 950 et
411 895 492 950 Plinii
506 894 633 967 epistolis
647 895 784 952 adiuncta.
814 900 859 955 Ad
877 916 938 956 eam
951 915 1030 971 praa-

1056 782 1134 824 editio.

137 983 285 1057 parandam
311 980 433 1036 editores
455 995 510 1035 non
531 977 637 1050 scripto
652 980 769 1050 quodam
790 982 863 1038 libro
887 999 953 1039 usos
969 998 1033 1038 esse

135 1066 283 1135 existimo,
304 1069 399 1121 verum
416 1062 504 1117 tribus
520 1061 690 1119 editionibus
707 1079 774 1133 quas
796 1067 877 1122 modo
892 1066 1034 1139 principes
1107 1105 1109 1110 ,

137 1151 211 1218 dixi,
227 1145 426 1205 diversissimis
439 1144 513 1201 inter
527 1162 576 1217 se,
592 1148 757 1219 comparetis
774 1154 801 1203 et
816 1149 895 1220 quasi
910 1149 938 1204 in
953 1164 1034 1203 unum

137 1233 248 1291 collatis
263 1233 388 1289 libellum
403 1228 619 1286 emendatiorem
633 1230 829 1303 reddiderunt,
850 1249 929 1303 quam
947 1248 1034 1303 usque

138 1335 173 1374 eo
189 1317 279 1374 editus
295 1318 394 1372 luerat.
423 1313 458 1368 lit
473 1314 676 1370 fundamentum
691 1313 883 1388 impressionis
898 1312 1036 1371 Venetam

137 1420 162 1458 a.
183 1407 331 1462 usitasse
348 1397 510 1467 voluerunt,
527 1396 556 1453 id
574 1398 648 1468 quod
660 1415 695 1453 ex
710 1399 871 1469 quibusdam
888 1398 971 1454 rebus
986 1415 1036 1453 ex-

136 1485 211 1557 iguis
227 1500 297 1555 quae
314 1481 411 1538 oculos
429 1480 528 1536 lallere
543 1482 645 1551 solent,
664 1481 772 1539 litteras
791 1483 854 1539 dico
871 1482 915 1538 vel
932 1482 1034 1537 maius-

137 1570 216 1622 errlas
233 1568 278 1620 vel
296 1565 478 1633 minusculas,
498 1563 711 1637 interpungendi
727 1566 826 1638 sigua,
841 1566 909 1623 vitiu
927 1581 1036 1636 quoque

137 1720 227 1772 uerat,
256 1710 301 1762 cir.
328 1711 468 1764 casauboni
492 1711 613 1778 epistolae
639 1713 678 1764 ed.
705 1712 795 1767 Graes.
819 1730 846 1779 p.
869 1714 911 1766 31.
943 1714 1037 1764 Verum

138 1798 161 1830 a.
180 1779 246 1830 1610
264 1778 426 1830 (lasaubonus
444 1779 477 1829 ad
496 1794 598 1828 manum
621 1781 669 1830 sibi
687 1781 766 1832 fuisse
779 1790 884 1832 testatur
902 1783 1037 1832 editionem

136 1863 196 1900 cnm
213 1847 310 1896 Aurelii
324 1847 433 1899 Victoris
450 1849 511 1897 viris
528 1847 668 1899 illustribus
684 1851 841 1900 coniunctam
859 1859 885 1900 et
901 1849 1037 1900 Mediolani

136 1933 184 1984 per
204 1916 277 1966 Alex.
297 1915 463 1966 Minntianum
480 1923 538 1964 aare
558 1924 651 1965 acutum
672 1925 698 1966 et
717 1926 770 1968 octo
791 1935 869 1968 aanor
892 1921 908 1967 i.
931 1934 953 1968 e.
970 1931 1037 1968 auno

138 1985 206 2038 1502
222 1999 354 2045 excusam,
376 1983 506 2047 quaesibi
528 1983 615 2048 scripti
632 1983 688 2034 libri
703 1987 782 2035 instar
802 1986 900 2038 luisset.
936 1987 1036 2036 Plaras-

138 2071 188 2119 que
210 2052 331 2103 leetioues
356 2051 388 2103 ab
406 2065 436 2101 eo
455 2058 659 2101 commemoratas
681 2052 817 2117 pluresque
841 2054 949 2106 omissas
967 2054 1035 2104 Bon-

138 2123 219 2190 garsii
237 2136 313 2170 manu
334 2121 475 2184 adscriptas
494 2119 576 2183 reperi
593 2119 619 2167 iu
638 2120 752 2187 exemplo
770 2121 963 2186 Antrerpiensis
982 2121 1035 2170 edi·

134 2192 215 2246 aionis
229 2205 253 2243 a.
272 2190 353 2248 1574,
369 2188 437 2252 quod
452 2187 549 2237 Bernae
567 2196 688 2237 servatur.
725 2190 753 2237 ln
775 2204 805 2239 eo
823 2190 939 2254 exemplo
954 2189 1037 2238 littera

138 2260 172 2309 M
187 2274 251 2323 quae
269 2273 301 2307 ex
319 2257 442 2318 editione,
459 2255 542 2306 littera
558 2257 584 2304 P
600 2270 664 2320 quae
684 2272 698 2306 e
715 2257 867 2318 Petaviano,
883 2272 950 2306 nunc
967 2257 1037 2306 Pari·

139 2330 195 2379 sino
220 2328 306 2377 codice
330 2327 422 2392 scripto
447 2330 566 2389 excerpta
593 2332 652 2374 sunt
675 2325 872 2392 distinguuntur.
914 2325 1037 2376 Beruensi

139 2397 255 2463 exemplo
278 2395 453 2445 Gasaubouum
475 2407 550 2444 usum
566 2407 641 2454 esse,
667 2393 742 2443 fidem
764 2393 859 2445 iaciunt
881 2395 1037 2445 coniecturae

138 2466 234 2529 aliquot
259 2463 447 2528 Bongarsianae
475 2477 510 2512 aa
531 2461 669 2525 Bonpareia'
688 2464 772 2514 coelice
793 2463 825 2514 ab
850 2463 893 2514 illo
915 2463 1035 2529 prolatae,

139 2534 290 2584 convincunt
306 2531 347 2582 hic
361 2531 412 2580 illic
431 2539 504 2582 notae
521 2529 552 2580 M
566 2539 590 2580 et
602 2531 628 2578 P
644 2530 764 2582 confusae
781 2532 821 2583 vel
840 2531 937 2582 Pithoei
956 2531 1036 2581 codex

139 2616 186 2668 pro
199 2600 335 2650 Petaviano
350 2615 383 2648 ex
396 2599 544 2665 compendio
561 2599 586 2646 P
601 2599 692 2650 iaetus.
729 2601 861 2652 Praeterea
878 2616 934 2650 eam
947 2600 1036 2650 editio-

139 2684 199 2720 nem
216 2683 289 2718 nemo
309 2668 385 2728 vidit,
409 2681 490 2731 neque
506 2666 582 2717 hodie
599 2668 768 2736 bibliographl
785 2670 861 2720 011010
872 2670 991 2719 Virorum
1005 2665 1035 2715 il-

139 2737 256 2788 lustrium
277 2737 412 2788 editionem
437 2735 649 2786 Mediolanensem
673 2738 703 2786 ab
728 2739 803 2790 Alex.
828 2737 965 2788 Minutiano
988 2734 1036 2783 lm·

139 2821 254 2874 pressam
274 2812 366 2856 norunt
386 2804 435 2854 nisi
457 2804 489 2854 de
505 2819 529 2854 a.
550 2802 618 2855 1509
636 2820 740 2869 eamque
757 2805 928 2856 Grammaticis
948 2815 1035 2852 caren-

139 2885 199 2925 tem.
237 2874 352 2925 Ceterum
373 2871 478 2923 10111110
494 2887 564 2922 mera
579 2874 693 2938 repetitio
713 2874 871 2925 Florentinae
887 2872 928 2922 rel
945 2868 1037 2921 similis

139 2941 260 3003 01100100,
273 2943 328 2992 siue
339 2941 398 2991 ullis
410 2940 525 3006 vestigiis
542 2955 632 2989 manus
650 2942 832 2996 emendatriois.

176 3009 200 3062 ³.
222 3010 333 3061 Achilles
349 3009 443 3059 Statius
456 3009 550 3060 Romae
565 3023 587 3058 a.
603 3008 668 3058 1565
681 3017 788 3060 veterem
805 3009 930 3074 quandam
947 3006 1036 3056 editio-

140 3093 200 3128 nem
209 3079 334 3130 oonsuluit
345 3092 402 3127 cum
413 3077 556 3128 Florentino
569 3076 662 3139 ubique
680 3076 734 3128 iere
742 3078 955 3136 ¹consentientem,
973 3087 1036 3125 uon·

141 3161 279 3212 numquam
289 3149 401 3196 Venetae
418 3145 567 3196 Barnardini
585 3144 754 3208 accedentem,
770 3156 798 3198 ut
812 3163 838 3213 p.
852 3145 910 3205 259,
925 3145 958 3194 22
973 3143 1036 3194 elu-

141 3217 236 3273 dendo:
252 3232 279 3281 p.
294 3215 353 3277 269,
369 3216 403 3265 28
418 3223 515 3278 parta:
532 3214 578 3263 sed
591 3213 659 3262 haud
675 3215 709 3264 ita
726 3231 782 3266 raro
800 3229 866 3265 nnnc
882 3213 1037 3264 1000011100-

140 3285 182 3335 dis
199 3285 329 3335 vooabnlis
345 3284 383 3350 (p
404 3284 462 3344 261,
480 3283 512 3333 14
527 3291 552 3332 01
572 3283 602 3333 16
619 3283 736 3333 Varrone
750 3293 774 3334 et
793 3284 920 3340 Murena:
933 3298 959 3349 p.
978 3279 1037 3340 tot,

139 3356 158 3406 9
174 3369 238 3418 quc‚·
256 3369 280 3419 p.
292 3355 352 3417 271,
373 3352 405 3403 19
420 3349 488 3418 dam)
504 3352 612 3400 nuncin
629 3353 771 3402 nominibus
786 3352 912 3401 mutandis
928 3354 965 3416 (p.
975 3347 1036 3407 258,

138 3421 159 3474 6
178 3424 211 3472 L.
223 3422 329 3477 Actiaca
342 3438 368 3487 p.
378 3420 437 3480 263,
449 3421 481 3472 16
493 3419 628 3475 Tubertus:
645 3421 686 3474 21.
697 3420 729 3471 31
740 3421 839 3471 Hariza
848 3430 872 3470 et
881 3417 979 3482 Hirro)
990 3429 1037 3468 sno

139 3503 243 3556 quoque
258 3491 361 3541 arbitrio
377 3498 502 3556 agentem.
