2468 3912
479 243 684 292 rnanrsrro.
932 243 1028 294 xovm
1108 305 1109 308 Ἴ

12 451 13 466 l
126 421 204 462 usum
216 402 343 459 coniecta
360 408 388 458 et
402 419 438 457 ex
449 400 534 457 variis
545 401 626 458 libris
637 401 708 458 inter
723 402 870 473 legendum
882 411 1024 478 excerpta.

12 501 13 548 l
126 487 228 559 lncipit
248 486 356 542 tandem
377 485 575 558 postmodium
593 486 680 541 ferme
697 493 803 559 partem
819 505 847 560 p.
863 492 930 557 314,
945 496 962 549 3
981 488 1025 544 in·

126 579 206 643 teger
225 569 442 627 differentiarum
457 570 570 625 libellus
584 569 683 625 alienis
701 572 784 626 rebus
802 587 855 627 non
870 573 1024 643 permixtus

127 661 156 712 et
177 653 329 709 litterarum
354 654 451 710 ordine
473 655 506 708 nb
531 654 556 707 Α
579 654 654 708 adll
675 649 860 730 deductus⁹⁴).
906 656 963 712 Sed
979 658 1024 713 vel

12 785 13 802 ,
127 756 161 796 en
173 753 255 811 pers,
275 753 328 810 per
348 753 380 793 se
401 737 469 793 salis
484 736 655 807 aequabilis,
682 753 716 793 eo
732 738 918 810 suspicionem
934 746 1026 798 movet

12 833 13 876 l
126 823 201 894 quod
216 820 288 877 aliae
311 818 478 892 scriptiones
497 821 557 876 eius
571 820 683 890 generis
706 822 861 893 complures
879 824 1025 880 circumie-

12 901 13 912 ’
126 911 241 974 rnntur,
264 905 346 977 plane
371 903 498 974 geminae
519 904 619 974 huius,
641 921 731 975 neque
755 911 846 961 tamen
862 906 975 964 Remmii
997 915 1025 964 el

127 987 254 1046 Suetonii
277 988 388 1044 sedvel
415 987 516 1044 Isidori
536 989 582 1043 vel
605 987 706 1064 nullius
727 989 836 1044 nomine
863 989 1024 1064 inscriptae.

126 1073 220 1143 Auget
237 1072 425 1143 suspicionem
445 1072 518 1143 quod
535 1071 679 1127 Ciceronis
698 1087 808 1142 quoque
824 1079 851 1128 et
862 1074 983 1145 Vergilii
996 1076 1023 1130 in

127 1157 225 1213 eodem
247 1156 346 1211 codice
368 1154 544 1211 inveniuntur
564 1155 670 1211 similes
690 1155 797 1224 libelli,
824 1172 937 1226 quorum
956 1175 1024 1214 sanc

127 1241 228 1295 nullam
253 1255 316 1296 esse
339 1255 399 1294 cum
428 1238 485 1294 illis
514 1240 675 1295 auctoribus
697 1237 929 1296 necessitudinem
952 1240 1024 1296 inter

127 1339 222 1380 omnes
245 1317 407 1394 constat“).
453 1323 578 1394 Denique
596 1322 621 1378 is
646 1322 758 1378 libellus
776 1327 921 1395 tantopere
936 1325 1024 1379 desti·
1042 1315 1045 1322 ⁴

127 1407 212 1462 luitur
228 1405 301 1462 omni
315 1405 473 1462 eruditione
489 1406 642 1476 solidiore,
663 1413 759 1462 contra
775 1422 807 1463 ea
823 1407 894 1463 adeo
910 1407 1023 1480 ineptiis

126 1496 224 1560 scatet,
242 1495 272 1544 ut
289 1505 343 1545 non
360 1489 442 1545 modo
458 1489 584 1545 Suetonii
600 1491 650 1546 sed
667 1507 702 1545 ne
718 1490 830 1547 Romani
849 1490 958 1561 quidem
973 1494 1025 1548 ho-

126 1573 207 1629 minis
224 1589 287 1628 esse
303 1573 402 1645 possit.
439 1573 510 1628 Vide
529 1575 610 1630 modo
627 1591 697 1645 quae
713 1592 740 1647 p.
755 1580 816 1643 ent,
833 1581 850 1636 6
865 1575 900 1631 de
914 1576 1024 1632 nomine

127 1657 202 1727 quod
218 1662 261 1712 est
274 1655 367 1726 honos,
383 1674 410 1728 p.
428 1662 533 1724 30811
549 1658 583 1712 de
599 1657 738 1715 adiectivo
753 1673 855 1714 cenem
870 1660 915 1716 rel
930 1661 1023 1733 potius

127 1752 236 1810 oenecs,
255 1757 282 1811 p.
302 1746 369 1811 309,
385 1745 421 1798 84
434 1741 469 1796 da
485 1741 672 1798 numeralibus
687 1742 740 1798 duc
761 1748 789 1798 et
803 1743 898 1816 ambo,
918 1761 947 1816 p.
962 1752 1024 1814 310,

127 1829 161 1883 18
175 1829 204 1878 et
217 1828 252 1880 24
267 1824 301 1878 de
318 1823 428 1880 nomine
444 1839 507 1878 cora
528 1829 555 1879 et
576 1824 611 1879 de
628 1825 761 1882 adverbio
777 1841 892 1897 rursus,
916 1845 943 1900 p.
963 1833 1024 1897 318,

126 1911 159 1965 27
179 1907 213 1961 de
234 1907 313 1961 seriis
327 1907 411 1961 rebus
427 1913 545 1976 nugatur
559 1906 682 1962 misellus
702 1907 751 1963 ille
771 1911 975 1982 grammatisla,
997 1918 1023 1966 el

128 1989 220 2046 statim
236 1989 271 2044 de
289 1988 428 2060 scriptore
446 1989 591 2045 vetustatis
605 1991 730 2060 cogitare
749 1992 877 2048 desieris.
908 1993 974 2050 llam
990 1995 1024 2050 da

127 2072 255 2130 absurdis
284 2071 482 2130 vocabulorum
512 2071 666 2142 originibus
692 2073 787 2129 dicare
822 2078 1024 2147 praetermitto,

128 2173 187 2212 cum
204 2157 232 2212 in
246 2158 301 2213 hoc
315 2173 419 2227 genere
435 2156 480 2213 rel
501 2155 574 2227 apud
588 2155 795 2226 antiquissimos
816 2158 885 2214 nihil
905 2159 966 2216 iere
981 2159 1022 2214 iu-

13 2267 24 2280 2
127 2240 262 2297 credibile
274 2240 319 2297 sit.

188 2324 280 2380 Nihilo
295 2323 384 2380 minus
398 2328 487 2380 lamen
499 2321 619 2394 vestigia
634 2324 766 2394 quaedam
780 2323 905 2382 melioris
919 2325 1017 2382 doctri·

128 2425 180 2464 naa
196 2423 336 2480 agnosco,
358 2423 429 2478 quae
445 2406 520 2462 tenui
536 2407 634 2463 saltem
651 2407 698 2463 blo
713 2408 860 2465 ostendant
875 2425 936 2465 cum
952 2411 1022 2466 anti-

129 2491 233 2562 quitate
258 2491 377 2548 Romana
404 2492 475 2547 hanc
500 2490 680 2563 scriptionem
700 2491 840 2564 coniungi.
885 2492 951 2550 Tele
981 2501 1023 2551 est

127 2574 231 2645 Nigidii
246 2592 274 2646 p·
290 2580 352 2645 318,
366 2581 399 2634 21
415 2575 559 2630 irus'tulum
575 2592 706 2646 nusquam
723 2576 791 2632 alibi
806 2578 942 2648 oblatum,
959 2579 1023 2635 telis

129 2657 280 2715 auctoritas
297 2665 395 2731 p.310‚
410 2664 445 2718 28
460 2658 680 2730 allalal’rocelli‚
698 2677 778 2731 quem
793 2662 909 2719 eundem
924 2661 1023 2718 existi-

95 2735 97 2740 ’
127 2759 202 2799 mare
222 2741 319 2796 licebit
335 2741 382 2812 qni
398 2742 560 2798 ‘Porcellus
575 2743 786 2813 grammaticus’
802 2747 874 2816 apud
889 2746 1023 2801 Senecam

128 2827 265 2882 rhetorem
280 2825 307 2880 in
321 2825 441 2882 secunda
455 2825 587 2881 suasoria
603 2845 630 2898 p.
639 2833 682 2898 14,
697 2834 728 2888 10
740 2830 817 2884 Bnrs.
830 2828 942 2898 dicitur,
957 2828 1023 2883 talia

129 2926 199 2980 quae
215 2910 249 2965 de
266 2910 359 2964 lustrale
378 2925 405 2981 p·
420 2915 482 2979 315,
499 2915 532 2968 13
549 2914 576 2962 et
591 2909 625 2964 de
639 2910 771 2967 adverbio
788 2913 861 2982 qaod
878 2918 921 2968 est
934 2912 1022 2966 simitu

195 3088 242 3149 94)
263 3087 382 3153 Magnum
404 3088 499 3140 hiatum
516 3104 542 3154 p.
558 3088 616 3150 314,
633 3089 665 3139 10
680 3090 846 3153 significatum
862 3090 1022 3156 probabiliter

127 3154 251 3221 explebit,
276 3158 319 3220 qui
334 3157 442 3208 duarum
463 3158 641 3222 scriptionum,
660 3172 723 3222 ques
744 3158 818 3208 modo
836 3160 862 3208 in
880 3158 1021 3210 subsidium

127 3224 211 3274 critico
225 3225 353 3275 vocandae
369 3227 493 3285 diximus,
513 3233 681 3292 competentes
697 3227 832 3291 particulas
848 3227 1018 3291 conquisierit.

196 3292 240 3357 95)
260 3294 341 3343 Video
355 3303 438 3346 tamen
452 3295 580 3345 Ciceronis
598 3308 746 3360 synonyma,
761 3295 869 3359 itemque
886 3295 959 3346 Plinii
975 3295 1019 3347 Se·

126 3361 202 3412 eundi
223 3363 277 3412 siva
292 3363 424 3414 Frontonis
448 3363 602 3414 differentias
618 3363 750 3413 verborum
771 3372 795 3413 et
816 3365 944 3416 nominum
961 3366 1017 3416 clim

125 3431 279 3496 perscriptas
298 3430 377 3481 luisse
397 3432 423 3482 in
440 3441 551 3482 extremo
574 3432 636 3482 libro
652 3430 776 3492 Charisii3
801 3430 848 3487 cir.
868 3435 900 3485 Α.
919 3435 968 3485 Mal
987 3434 1016 3485 ul

128 3500 275 3550 Frontonem
293 3515 318 3566 p.
337 3499 388 3552 416
402 3501 441 3551 ed.
456 3501 526 3551 Rom.

166 3585 302 3622 annuemus
662 3637 669 3654 ο
859 3593 878 3642 g
