2466 3896
535 138 707 186 arsamus.
1045 132 1105 194 113

105 289 263 373 nepotibus
285 309 422 370 parsurus
440 292 582 370 creditur,
598 311 661 353 cum
677 303 706 354 et
724 294 823 358 Gaium
839 305 1005 375 suspectum
1017 296 1104 358 habe

5 446 8 455 Ι
105 387 166 456 ret,
193 385 223 437 et
243 374 389 436 Tiberium
413 385 443 436 ut
470 395 508 436 ex
531 374 672 438 adulterio
701 388 874 460 conceptum
891 389 1104 461 aspernaretur.

103 461 169 523 Neo
189 459 328 522 abhorret
348 478 365 521 a
383 478 472 530 vero;
497 478 619 540 namque
637 461 792 524 identidem
810 463 930 543 felicem
949 463 1106 526 Priamum

103 545 249 623 oocobct,
267 543 351 624 qaod
365 549 524 624 superstes
538 545 669 606 omnium
684 563 810 609 sacrum
827 548 987 610 extitisset.

79 646 94 686 s
167 631 258 706 Quam
277 631 351 689 inter
370 628 444 690 baec
465 646 522 688 non
540 628 627 689 modo
651 631 761 691 invisus
785 651 820 694 ac
834 633 1032 712 detestabilis,
1054 634 1148 700 sedeo

103 711 306 796 praetrepidus
317 730 433 794 quoque
444 721 530 792 atque
543 713 627 774 etiam
639 716 820 776 coutumeliis
833 717 976 778 obnoxius
987 718 1104 798 vixerit,

103 800 192 862 multa
211 796 318 858 indicia
331 807 405 858 snut.
437 797 747 877 Haruspicessecroto
765 817 800 860 ac
815 803 878 861 sine
893 800 1015 862 testibus
1036 821 1103 864 con·

0 893 2 902 “
104 883 160 946 suli
181 883 281 943 vetuit.
309 883 413 944 Vicina
426 899 499 942 vero
514 881 577 942 urbi
593 883 711 944 oracula
727 885 811 944 etiam
825 885 966 945 dissicere
985 897 1104 948 conatus

105 977 166 1047 est,
187 966 240 1028 sed
257 967 408 1028 maiestate
427 965 676 1027 Praenestinarum
701 969 820 1030 sortium
842 971 958 1029 territus
984 970 1104 1048 destitit,

69 1073 96 1114 no
106 1070 170 1118 oum
189 1052 356 1130 obsignatas
379 1050 577 1130 deuectasque
588 1051 708 1112 Romam
725 1070 783 1112 uon
797 1054 979 1133 repperisset
991 1055 1020 1113 in
1037 1073 1105 1115 arca

104 1139 160 1200 nisi
180 1137 271 1197 relata
292 1153 392 1195 rursus
412 1134 448 1195 ad
461 1135 608 1214 templum.
638 1137 731 1197 Unum
746 1145 775 1196 et
788 1137 908 1197 alterum
923 1137 1104 1215 consulares,

104 1220 210 1284 oblatis
226 1221 384 1300 provinciis
398 1237 457 1280 uon
471 1238 556 1279 ausus
570 1237 587 1279 a
601 1238 634 1280 se
648 1219 800 1298 dimittere,
816 1239 907 1300 usque
923 1237 959 1280 eo
975 1219 1104 1299 detinuit,

104 1307 201 1367 donec
225 1321 416 1365 successoros
441 1313 510 1382 post
535 1303 645 1382 aliquot
673 1320 767 1366 anuos
784 1303 986 1383 praesentibus
1006 1304 1103 1376 daret;

1 1467 2 1472 ἵ
104 1409 169 1452 cum
194 1389 308 1456 iuterim
332 1395 463 1448 manente
488 1387 577 1448 ollicii
598 1387 680 1448 titulo
704 1390 789 1448 etiam
810 1389 962 1467 delegaret
983 1390 1105 1469 plurima

65 1472 235 1550 nsassidue,
259 1490 332 1551 quae
353 1471 397 1531 illi
420 1488 473 1551 per
492 1471 607 1550 legatos
629 1481 658 1531 et
679 1472 824 1534 adiutores
845 1491 913 1534 suos
933 1473 1103 1553 exequenda

103 1565 248 1620 curarent.
274 1556 381 1617 Nurum
401 1573 435 1618 ac
453 1565 577 1637 nepotes
594 1575 746 1636 numquam
766 1558 850 1619 aliter
864 1567 932 1638 post
946 1557 1146 1630 damnatio-64

101 1658 169 1703 nem
184 1658 267 1720 quam
282 1649 430 1702 catenatos
446 1640 605 1720 obsutaque
619 1642 724 1703 lectica
739 1642 808 1704 loco
821 1644 926 1719 movit,
948 1642 1102 1723 prohibitis

1 1776 22 1816 ρ.
101 1744 158 1806 per
179 1725 296 1786 militem
320 1725 414 1786 obviis
437 1743 472 1786 ac
493 1725 650 1787 viatoribus
669 1728 820 1808 respicere
835 1744 956 1807 usquam
968 1726 1016 1787 vel
1035 1746 1102 1789 con·

102 1813 218 1874 sistere.

65 1917 93 1958 sc
167 1895 300 1954 Seianum
320 1912 369 1953 res
390 1911 481 1956 novas
503 1895 686 1973 molientem,
708 1897 836 1974 quamvis
853 1897 909 1954 iam
930 1905 958 1955 et
980 1894 1146 1967 natalemqs

103 1979 168 2038 eius
181 1977 299 2057 publice
315 1975 459 2038 celebrari
475 1987 504 2038 et
517 1981 658 2056 imagines
674 1995 777 2040 aureas
790 1979 848 2039 coli
860 1981 968 2057 passim
979 1976 1101 2057 videret,

101 2063 153 2124 vix
170 2061 283 2124 taudem
301 2069 330 2122 et
344 2070 406 2122 astu
421 2062 512 2140 magis
526 2080 562 2122 ac
577 2062 645 2122 dolo
661 2080 744 2140 quarn
758 2062 910 2142 principali
930 2063 1101 2122 auctoritate

1 2151 2 2156 ’
104 2147 254 2208 subvertit.
284 2146 357 2207 Nam
372 2147 484 2227 primo,
507 2155 538 2204 ut
558 2165 574 2206 a
588 2163 688 2225 seper
702 2143 966 2225 speciembonoris
983 2143 1102 2206 dimitte-

103 2241 166 2309 ret,
183 2230 328 2308 collegam
342 2230 398 2291 sibi
409 2230 566 2308 adsumpsit
580 2231 608 2288 iu
622 2232 720 2309 quinto
732 2228 898 2305 consulatu,
916 2245 1000 2307 quem
1012 2228 1101 2308 longo

67 2324 94 2366 2⁵
104 2310 259 2378 intervallo
276 2316 382 2376 absens
396 2315 435 2376 ob
448 2314 477 2375 id
493 2315 586 2394 ipsum
601 2323 782 2392 susceperat.
811 2312 923 2374 Deinde
937 2331 991 2392 spe
1011 2313 1101 2374 alfini·

104 2401 170 2461 tatis
190 2419 225 2463 ac
239 2399 409 2461 tribuniciae
423 2401 575 2482 potestatis
591 2398 744 2476 deceptum
758 2398 953 2477 inopinantem
973 2398 1100 2459 crimina·

103 2493 148 2544 tus
163 2494 209 2545 est
225 2484 357 2565 pudenda
369 2481 589 2560 miserandaque
605 2483 750 2560 oratione,
767 2500 831 2542 cum
845 2482 920 2542 inter
932 2481 987 2542 alia
1003 2490 1101 2562 patres

105 2570 288 2648 conscriptos
308 2577 495 2648 precaretur,
519 2569 664 2627 mitterent
681 2565 801 2628 alterum
817 2584 834 2626 e
850 2566 1031 2642 oonsulibus,
1053 2567 1100 2645 qui

103 2672 136 2714 se
156 2672 255 2714 senem
276 2662 306 2714 et
326 2653 418 2713 solum
432 2654 461 2712 in
476 2660 663 2731 conspectum
680 2667 780 2710 eorum
795 2668 858 2711 cum
872 2649 968 2731 aliquo
986 2650 1100 2709 militari

67 2763 94 2806 se
106 2738 252 2817 praesidio
266 2737 449 2819 perduceret.
478 2737 528 2796 Sic
543 2752 658 2814 quoque
677 2735 809 2796 diflidens
825 2734 1027 2813 tumultumque
1041 2750 1099 2792 me·

104 2831 204 2900 tuens,
223 2823 346 2883 Drusum
365 2829 517 2900 nepotem,
539 2836 623 2900 quem
643 2820 766 2879 vinculis
786 2818 879 2879 adhuc
897 2819 1006 2879 Romae
1030 2833 1099 2876 con·

103 2906 225 2984 tinebat,
240 2907 324 2985 solvi,
340 2907 364 2966 si
381 2924 430 2966 res
446 2913 598 2987 posceret,
618 2903 777 2982 ducemque
793 2903 926 2962 constitui
939 2917 1101 2980 praecepe-

2 2989 9 2996 '
103 2998 157 3051 rat.
188 2991 303 3071 Aptatis
324 2990 408 3051 otiam
426 2989 546 3051 navibus
568 2988 603 3049 ad
624 3005 817 3067 quascumque
833 2985 967 3063 legiones
983 2983 1099 3044 medita·

102 3075 187 3136 batur
205 3076 321 3154 lugam,
343 3073 576 3154 speculabundus
598 3091 637 3132 en
652 3071 790 3132 altissima
804 3087 876 3150 rupe
894 3067 1048 3128 identidem
1062 3066 1098 3126 si-

68 3177 178 3238 asgna,
202 3177 289 3238 quae,
311 3178 348 3220 ne
369 3159 459 3219 nuntii
482 3163 673 3233 morarentur,
702 3155 765 3215 tolli
781 3152 901 3234 procul,
923 3159 953 3211 ut
974 3150 1099 3231 quidque

103 3244 211 3304 iactum
233 3245 326 3322 foret,
343 3243 537 3304 mandaverat.
575 3241 682 3302 Verum
697 3247 726 3299 et
743 3254 886 3319 oppressa
903 3236 1099 3296 coniuratione

1 3387 2 3396 ,
104 3328 200 3390 Seiani
220 3328 309 3389 nihilo
333 3328 465 3390 securior
484 3335 532 3387 aut
552 3325 745 3401 constantior,
767 3339 821 3401 per
832 3338 937 3382 novem
952 3322 1101 3402 proximos

1 3433 2 3450 ι
103 3429 220 3473 menses
239 3429 298 3473 nou
316 3431 455 3492 egressus
469 3419 515 3470 est
531 3409 614 3486 villa,
630 3426 703 3488 quae
718 3416 839 3468 vocatur
852 3406 942 3467 loris.

148 3515 302 3557 sunnonros.
928 3490 948 3554 8
