2468 3912
433 207 536 255 orvus
553 206 744 256 aucusuus.
1041 197 1080 258 61

81 362 183 424 mutuis
198 363 303 439 iunxit,
326 363 556 441 promptissimus
578 362 723 424 affinitatis
746 364 884 443 cuiusque
906 371 993 442 atque
1015 363 1083 423 ami-

83 449 167 509 citiae
183 445 354 507 conciliator
373 455 402 506 et
417 446 527 517 lautor;
551 465 606 506 nec
621 447 706 506 aliter
722 448 875 508 universos
897 465 980 526 quam
995 466 1082 508 mem-

82 533 135 592 bra
151 531 299 610 partisque
315 531 428 609 imperii
447 549 533 591 curae
549 530 662 609 babuit,
684 540 831 591 rectorem
847 549 963 610 quoque
981 532 1083 593 solitus

83 632 234 696 apponere
250 623 344 675 aetate
360 617 458 694 parcis
473 625 521 675 aut
535 624 630 675 mente
646 615 754 694 lapsis,
769 614 863 676 donec
878 615 1084 678 adolescerent

59 709 132 762 sant
155 699 379 777 resipiscerent;
403 717 437 759 ac
458 699 644 778 plurimorum
666 698 776 759 liberos
799 708 828 760 et
851 699 984 761 educavit
1000 700 1083 760 simul

83 803 147 845 cum
163 785 222 842 suis
238 792 266 842 et
282 783 409 842 instituit.

142 867 188 928 Ex
200 866 367 927 militaribus
385 867 478 946 copiis
494 866 628 945 legiones
642 877 671 928 et
687 867 793 928 auxilia
808 868 1009 947 provinciatim
1028 868 1083 930 dis·
1092 875 1126 930 49

80 953 195 1027 tribuit,
217 951 339 1012 classem
353 950 455 1012 Miseni
477 959 507 1011 et
528 951 648 1012 alteram
662 953 820 1013 Ravennae
842 951 877 1011 ad
898 953 1015 1012 tutelam
1031 954 1083 1014 Su·

81 1038 146 1117 peri
162 1044 191 1096 et
207 1035 295 1097 luteri
311 1037 397 1095 maris
412 1035 593 1113 conlocavit,
618 1045 744 1097 ceterum
765 1054 912 1096 numerum
934 1039 1038 1114 partim
1055 1037 1084 1096 in

47 1121 162 1186 rourbis
177 1121 280 1200 partim
296 1121 325 1179 in
341 1120 386 1179 sui
401 1120 558 1180 custodiam
574 1120 699 1198 adlegit,
715 1119 831 1180 dimissa
850 1118 1083 1196 Calagurritano-

81 1225 145 1267 rum
159 1224 257 1282 manu,
277 1222 361 1284 quam
376 1222 468 1282 usque
484 1205 521 1265 ad
537 1205 681 1265 devictum
695 1205 866 1280 Antonium,
884 1205 951 1263 item
968 1202 1083 1264 Germa-

81 1309 200 1367 norum,
227 1307 310 1369 quam
335 1305 427 1367 usque
454 1287 489 1349 ad
516 1289 627 1349 cladem
646 1289 800 1349 Varianam
824 1289 898 1347 iuter
923 1288 1084 1365 armigeros

15 1405 20 1430 t
83 1378 163 1436 circa
178 1392 210 1434 se
225 1372 374 1433 habuerat.
412 1371 516 1450 Neque
539 1381 633 1433 tamen
654 1391 786 1452 umquam
808 1372 909 1451 plures
926 1388 1010 1449 quam
1024 1381 1085 1431 tres

83 1459 221 1520 cohortes
247 1458 275 1516 iu
296 1456 368 1516 urbe
390 1473 457 1516 asse
479 1474 583 1535 passus
609 1465 654 1517 est
668 1475 777 1535 easque
795 1458 858 1517 sine
877 1457 995 1532 castris,
1017 1455 1084 1515 reli·

47 1561 157 1624 saquas
174 1543 202 1600 in
217 1541 337 1601 hiberna
352 1549 381 1600 et
398 1541 508 1600 aestiva
525 1542 603 1601 circa
619 1542 735 1602 linitima
757 1541 865 1621 oppida
882 1541 1024 1600 dimittere
1039 1557 1083 1599 as·

80 1634 190 1689 suerat.
230 1624 373 1705 Quidquid
396 1633 490 1685 autem
516 1626 623 1706 ubique
652 1627 771 1686 militum
795 1636 890 1704 esset,
916 1623 951 1684 ad
977 1633 1084 1685 certam

81 1708 291 1788 stipendiorum
312 1711 563 1788 praemiorumque
588 1711 738 1772 formulam
766 1710 934 1786 adstrinxit,
960 1709 1084 1769 delinitis

80 1810 138 1876 pro
156 1791 247 1870 gradu
262 1793 400 1874 cuiusque
416 1804 445 1853 ct
462 1787 641 1874 temporibus
657 1796 775 1856 militiae
797 1804 826 1854 et
841 1793 1000 1855 commodis
1017 1794 1083 1853 mis·

81 1881 211 1954 sianum,
236 1896 272 1937 ne
294 1886 341 1938 aut
364 1885 459 1938 aetate
484 1889 531 1939 aut
546 1883 643 1959 inopia
657 1888 725 1959 post
745 1879 911 1939 missionem
932 1877 1083 1938 sollicitari

46 1965 119 2028 aoad
137 1981 186 2023 res
208 1980 300 2022 novas
323 1971 452 2040 possent.
488 1963 585 2042 thue
606 1973 749 2043 perpetuo
773 1980 808 2022 ac
831 1964 894 2022 siue
915 1960 1084 2021 difficultate

80 2056 212 2127 sumptus
232 2045 267 2108 ad
282 2045 405 2106 tuendos
421 2064 474 2106 eos
490 2047 769 2126 prosequendosque
792 2053 982 2124 suppeteret,
1003 2062 1082 2105 aera·

80 2136 153 2194 rium
168 2131 290 2192 militare
309 2149 372 2191 cum
388 2131 580 2208 vectigalibus
596 2132 679 2190 novis
696 2130 851 2190 constitnit.

145 2215 182 2276 Et
207 2232 264 2294 quo
290 2215 414 2277 celerius
436 2234 471 2275 ao
493 2215 545 2276 sub
567 2233 677 2276 manum
700 2213 858 2273 adnuntiari
883 2212 1083 2290 cognoscique

82 2308 200 2378 posset,
225 2299 291 2378 quid
311 2300 340 2359 in
357 2301 506 2378 provincia
530 2317 643 2378 quaque
659 2306 826 2376 gereretur,
847 2298 968 2356 iuvenes
989 2297 1082 2374 primo

49 2383 204 2445 asmodicis
221 2383 381 2444 intervallis
399 2403 452 2463 per
468 2385 597 2444 militaris
612 2385 689 2459 vias,
712 2381 816 2442 debinc
837 2380 970 2442 vehicula
985 2381 1082 2459 dispo-

83 2469 148 2527 suit.
185 2465 369 2527 Commodius
385 2467 413 2528 id
428 2469 519 2529 visum
537 2477 596 2543 est,
619 2478 648 2527 ut
664 2467 712 2545 qui
727 2484 743 2525 a
761 2465 829 2526 loco
845 2467 995 2545 perferunt
1008 2465 1083 2525 litte·

82 2570 148 2628 ras,
163 2551 338 2629 interrogari
357 2570 490 2632 quoque,
506 2554 530 2612 si
548 2551 614 2631 quid
628 2570 676 2611 res
692 2551 827 2627 exigant,
844 2551 967 2630 possint.
993 2549 1025 2610 ln
1042 2550 1081 2609 di·
1091 2555 1127 2607 50

83 2634 257 2714 plomatibus
277 2635 443 2715 libellisque
470 2645 498 2696 et
524 2637 656 2715 epistolis
677 2633 825 2712 signandis
850 2636 929 2695 initio
959 2634 1083 2713 sphinge

83 2737 152 2780 usus
179 2728 240 2795 est,
266 2736 335 2779 mox
362 2721 487 2798 imagine
514 2721 611 2796 lllagui
637 2718 811 2798 Alexandri,
837 2719 993 2779 novissime
1021 2733 1083 2790 sua,

54 2802 263 2864 tobioscuridis
278 2822 361 2863 manu
378 2805 505 2884 sculpta,
529 2822 583 2883 qua
599 2805 717 2881 signare
734 2805 857 2864 insecuti
874 2819 989 2882 quoque
1006 2800 1082 2879 prin-

86 2889 166 2967 cipes
190 2898 424 2966 perseverarunt.
462 2888 508 2948 Ad
531 2888 671 2967 epistolas
694 2888 784 2947 omnis
806 2887 940 2948 horarum
966 2900 1082 2962 quoque

85 2980 226 3032 momenta
241 2991 296 3032 uec
315 2971 372 3033 diei
387 2972 473 3034 modo
493 2972 589 3033 sedet
610 2973 722 3050 noctis,
745 2971 848 3050 quibus
870 2970 954 3030 datae
975 2967 1082 3045 signiti-

87 3064 232 3133 carentur,
249 3054 383 3117 addebat.

146 3137 323 3201 Clementiae
340 3141 540 3220 ciuilitatisque
556 3142 619 3200 aius
639 3140 726 3201 multa
747 3149 777 3200 et
797 3157 900 3217 magua
914 3137 1084 3198 documenta
1091 3149 1122 3203 51

56 3232 158 3283 osum.
191 3223 237 3283 Ne
253 3241 431 3303 enumerem,
448 3235 518 3305 quot
533 3235 561 3284 et
576 3243 651 3303 quos
667 3225 844 3285 diversarum
861 3223 982 3302 partium
997 3224 1082 3282 venia

88 3315 115 3365 et
128 3307 324 3369 incolumitate
340 3309 462 3370 donatos
476 3309 639 3388 principem
656 3310 740 3369 etiam
755 3311 784 3368 in
800 3309 916 3368 civitate
931 3306 1027 3366 locum
1041 3317 1082 3366 te·

88 3407 154 3452 nere
175 3410 279 3472 passus
301 3394 352 3454 sit:
380 3393 489 3454 lunium
507 3392 651 3454 Nouatum
674 3402 702 3453 et
721 3391 852 3454 Cassium
874 3391 1039 3454 Patauinum
1065 3409 1082 3450 a

89 3472 172 3550 plebe
190 3475 320 3538 homines
346 3477 466 3538 alterum
488 3479 627 3559 pecunia,
649 3479 769 3540 alterum
790 3477 849 3538 levi
870 3476 959 3538 exilio
980 3476 1082 3555 punire
