2466 3896
165 264 224 328 tto
251 277 281 326 c.
298 277 447 326 suuuoru
464 277 952 348 mercennariorumque
965 279 1034 324 ore.
1051 278 1115 325 rur.

164 434 297 512 quentiae
328 432 535 512 doctrinaeque
562 452 672 512 genere
701 433 902 513 praecellens,
934 431 1158 494 benivolentiam
1214 409 1215 456 ³

163 518 352 595 singularem,
369 517 625 597 conciliandaeque
641 517 784 578 hominum
796 520 908 595 matiae
922 536 957 578 ac
972 516 1158 596 promerendi

163 603 270 663 amoris
284 603 385 661 muum
399 609 429 660 et
444 602 550 663 efficax
564 602 694 662 studium.
730 601 855 662 Formae
869 603 961 660 minus
977 600 1158 678 congruebat

162 685 313 764 gracilitas
336 703 463 761 crurum,
485 685 539 746 sed
560 704 596 746 ea
617 703 733 764 quoque
757 684 892 765 paulatim
912 684 1027 764 repleta
1042 684 1157 744 assidua
1183 685 1186 690 “

163 769 231 849 equi
252 769 417 830 vectatione
436 779 504 848 post
528 768 631 830 cibum.
675 769 796 832 Hostem
813 770 969 829 commInus
984 786 1076 847 saepe
1091 785 1179 847 per-a
1214 801 1215 840 ς

163 855 261 914 cussit.
294 851 393 914 Orauit
409 869 512 914 causas
536 855 621 914 etiam
640 854 835 934 triumphalis;
858 862 943 931 atque
962 853 1036 912 inter
1059 861 1157 912 cetera
1214 875 1215 882 ¹

162 937 321 999 studiorum
335 937 507 998 monimenta
524 937 642 1017 reliquit
658 947 687 998 et
705 937 873 998 comoedias
892 935 1029 998 Graecas.
1071 935 1158 995 Domi

161 1022 291 1101 forisque
314 1021 424 1099 civilis,
450 1020 542 1082 libera
567 1041 602 1082 ac
620 1022 772 1082 foederata
792 1020 899 1101 oppida
924 1021 986 1081 sine
1006 1019 1157 1080 lictoribus

162 1103 267 1168 adibat.
301 1105 399 1166 Sicubi
422 1103 566 1165 clarorum
586 1107 713 1166 virorum
736 1104 872 1184 sepulcra
890 1115 1095 1183 cognosceret,
1115 1105 1156 1163 in·

161 1192 251 1251 ferias
275 1189 405 1250 blanibus
425 1187 519 1250 dabat.
551 1189 709 1250 (laesorum
733 1188 815 1250 clade
837 1189 963 1250 Variana
983 1197 1100 1250 veteres
1121 1203 1190 1248 acro

162 1275 309 1355 dispersas
325 1273 465 1352 reliquias
475 1292 532 1334 uno
548 1273 655 1334 tumulo
668 1273 843 1351 humaturus,
856 1272 999 1351 colligere
1011 1290 1061 1333 sua
1073 1290 1157 1332 manu
1214 1309 1215 1312 =

162 1370 191 1420 et
207 1365 392 1436 comportare
411 1359 519 1436 primus
540 1359 698 1436 adgressus
715 1366 769 1419 est.
798 1356 1046 1418 Obtrectatoribus
1062 1357 1155 1429 etiam,

163 1441 387 1523 qualescumque
403 1449 432 1500 et
447 1451 674 1522 quantacumque
690 1441 726 1502 de
743 1460 830 1503 causa
844 1450 963 1502 nanctus
978 1448 1067 1517 esset,
1082 1441 1155 1500 lenis
1214 1499 1215 1504 ,

162 1526 235 1588 adeo
251 1533 280 1584 et
295 1526 445 1601 innoxius,
461 1535 492 1584 at
511 1525 608 1587 Pisoni
627 1526 746 1587 decreta
763 1545 815 1587 sua
831 1525 1020 1602 rescindenti‚
1037 1525 1155 1584 cliente·
1184 1551 1187 1556 ·

160 1610 205 1670 las
220 1608 364 1668 divexanti
379 1625 437 1668 non
450 1611 530 1688 prius
542 1628 715 1671 suscensere
726 1612 756 1670 in
770 1612 892 1671 animum
904 1609 1058 1686 induxerit,
1073 1625 1155 1688 quam
1164 1625 1189 1667 <a

162 1693 313 1752 veneficiis
327 1709 443 1771 quoque
458 1701 487 1752 et
504 1692 707 1754 devotionibus
722 1696 884 1774 impugnari
901 1713 934 1754 se
949 1695 1154 1772 comperisset;

162 1796 197 1839 ae
218 1794 255 1836 ns
276 1783 345 1835 tunc
366 1774 478 1856 quidem
499 1777 574 1838 ultra
591 1775 790 1858 progressus,
807 1796 890 1857 mam
910 1785 941 1838 ut
957 1778 1108 1838 amicitiam
1127 1777 1155 1835 ei

162 1877 243 1922 more
262 1858 401 1920 maiorum
416 1864 590 1922 renuntiaret
606 1861 809 1942 mandaretque
825 1862 993 1922 domesticis
1007 1861 1155 1936 ultionem,

129 1942 147 1997 4
162 1949 186 2006 si
203 1945 269 2025 quid
290 1943 345 2004 sibi
366 1944 521 2006 accideret.
556 1945 680 2021 Quarum
694 1948 827 2007 virtutum
847 1945 970 2007 fructum
983 1944 1156 2005 uberrimum

161 2029 241 2108 tulit,
270 2029 312 2089 sic
333 2028 471 2108 probatus
493 2039 523 2090 et
543 2030 666 2091 dilectus
689 2033 796 2110 asuis,
813 2029 1022 2108 milegastus,
1039 2031 1189 2109 (omittoao

162 2118 236 2177 enim
252 2113 483 2175 necessitudines
500 2114 643 2194 reliquas)
657 2114 704 2174 diu
720 2125 868 2176 cunctatus
882 2133 918 2176 an
933 2114 989 2173 sibi
1004 2129 1156 2174 successo

161 2218 223 2261 rem
238 2198 406 2278 destinaret,
422 2198 614 2278 adoptandum
629 2199 888 2269 Tiberiodederit;
909 2201 953 2258 sic
968 2198 1058 2275 vulgo
1074 2197 1156 2257 laro-
1214 2215 1215 2230 ¹

161 2282 273 2359 rabilis,
290 2292 320 2344 ut
337 2283 451 2362 plurimi
466 2283 588 2360 tradant,
613 2285 746 2363 quotiens
765 2283 864 2362 aliquo
879 2282 1028 2343 adveniret
1048 2280 1097 2340 vel
1118 2281 1156 2340 si-

162 2366 255 2427 cunde
269 2364 443 2443 diseederet,
464 2387 536 2447 prae
552 2367 634 2428 turba
649 2369 860 2428 occurrentium
881 2367 1157 2446 prosequentiumue

161 2466 370 2528 nonnumquam
391 2468 454 2510 eum
474 2449 627 2512 discrimen
651 2453 728 2512 vitae
751 2451 860 2530 adisse,
878 2470 895 2511 e
917 2451 1068 2513 Germania
1081 2465 1190 2509 verona

162 2541 230 2613 post
251 2549 448 2612 compressam
468 2535 637 2596 seditionem
654 2537 812 2596 revertenti
833 2537 1031 2616 praetorianas
1049 2533 1155 2594 cobor-

161 2626 206 2678 tes
225 2618 375 2678 universas
393 2617 528 2698 prodisse
550 2619 678 2698 obuiam,
700 2623 828 2699 quamvis
848 2621 1058 2700 pronuntiatum
1076 2626 1157 2678 esset

161 2711 192 2763 ut
214 2701 287 2763 duae
302 2710 408 2763 tantum
428 2703 515 2763 modo
537 2706 659 2781 exirent,
682 2705 783 2784 populi
799 2714 893 2765 autem
908 2703 1028 2764 Romani
1043 2719 1155 2778 sexum,

162 2797 295 2863 aetatem,
317 2786 446 2848 ordinem
467 2805 579 2848 omnem
594 2807 683 2868 usque
702 2788 738 2850 ad
754 2790 920 2850 uicesimum
939 2786 1063 2867 lapidem
1084 2785 1154 2846 effu·
1214 2809 1215 2870 g

130 2870 240 2932 ddisse
265 2887 308 2930 se.
354 2870 462 2932 'lamen
483 2871 572 2950 longe
584 2875 692 2934 maiora
709 2883 737 2933 et
759 2873 885 2934 firmiora
903 2872 938 2932 de
955 2889 992 2932 eo
1006 2870 1110 2930 iudicia
1126 2871 1191 2930 insa
1214 2879 1215 2884 ’

160 2963 255 3016 morte
274 2972 310 3015 ae
329 2966 397 3034 post
418 2966 540 3016 mortem
562 2959 725 3018 extiterunt.
770 2959 834 3033 Quo
858 2957 1009 3018 defunctus
1031 2963 1076 3014 est
1097 2953 1156 3032 die,
1212 3013 1215 3030 4

162 3039 288 3119 lapidata
308 3048 373 3099 sunt
392 3039 513 3120 templa,
534 3041 691 3102 subversae
706 3042 789 3102 deum
804 3060 887 3118 arae,
902 3040 991 3101 lares
1007 3059 1023 3101 a
1038 3037 1156 3118 quibus·

161 3122 224 3183 dam
239 3123 395 3185 familiares
410 3126 439 3183 in
454 3124 598 3204 publicum
613 3125 728 3204 abiecti,
743 3134 842 3206 partus
854 3125 1008 3202 coniugum
1017 3122 1156 3204 expositi.
1214 3113 1215 3180 l

162 3207 235 3279 Quin
251 3217 280 3266 et
295 3205 437 3268 barbaros
453 3210 560 3286 lerunt,
575 3209 679 3288 quibus
693 3211 857 3271 intestinum
874 3209 1036 3290 quibusque
1051 3207 1156 3268 adver·
1214 3203 1215 3228 ¹

163 3305 211 3346 sus
227 3305 281 3346 nos
299 3289 407 3350 bellum
422 3302 517 3370 esset,
541 3294 621 3353 velut
641 3296 670 3353 in
685 3293 845 3354 domestico
862 3294 1060 3372 communique
1076 3310 1156 3352 mae·
1166 3311 1192 3353 aa

161 3386 248 3444 roro,
282 3377 468 3436 consensisse
494 3375 529 3436 ad
554 3376 690 3446 indutias;
721 3378 841 3455 regulos
870 3376 1007 3457 quosdam
1035 3375 1158 3436 barbam

162 3455 299 3531 posuisse
314 3465 343 3515 et
358 3475 478 3518 uxorum
494 3462 588 3538 capita
600 3461 707 3519 rasisse
721 3461 757 3520 ad
771 3460 902 3522 indicium
914 3462 1028 3520 maximi
1044 3459 1156 3529 luctus;
1214 3457 1215 3470 ¹

161 3553 264 3612 rogum
278 3539 364 3598 etiam
382 3558 483 3617 regem
500 3550 529 3601 et
541 3545 748 3603 exercitatione
761 3541 885 3603 venandi
902 3552 931 3603 et
944 3545 1080 3603 convictu
1096 3562 1157 3604 ms·
1214 3581 1215 3660 q
