2466 3896
497 225 525 272 c.
550 223 733 271 cacruunn.
1055 211 1110 274 131

115 379 267 442 Drusillam
290 377 482 458 appellatam,
503 395 557 457 per
579 379 702 437 omnium
722 377 839 440 dearum
860 379 967 459 templa
993 374 1114 440 circum-

116 467 232 540 ferens,
260 463 408 524 blinervae
426 463 538 540 gremio
557 461 692 540 imposuit
706 462 895 543 alendamque
916 473 945 524 et
966 463 1113 524 instituen-

117 549 179 610 dam
203 545 422 608 commendavit.
464 545 528 606 Nec
557 544 617 606 ullo
644 547 769 608 firmiore
796 548 902 609 indicio
928 548 972 609 sui
998 551 1113 608 seminis

117 651 183 694 esse
207 630 345 692 credebat
371 647 454 709 quam
482 631 621 708 feritatis,
650 649 722 710 quae
751 630 793 691 illi
823 651 937 713 quoque
959 641 1036 694 tanta
1059 635 1114 694 iam

91 727 182 784 stunc
199 725 277 792 erat,
305 721 335 774 ut
356 714 469 774 infestis
486 713 583 792 digitis
607 732 658 775 ora
683 724 712 774 et
728 716 829 776 oculos
853 717 936 778 simul
958 716 1113 778 ludentium

114 801 260 862 infantium
274 801 445 858 incesseret.
488 797 567 859 beve
585 816 619 858 ac
637 797 772 877 frigidum
794 801 830 860 sit
845 799 890 861 his
904 800 1028 880 addere,
1055 805 1154 883 quoad

114 885 294 965 propinquos
314 883 478 962 amicosque
500 891 586 961 paeto
608 884 794 960 tractaverit,
815 883 1011 945 Ptolemaeum
1032 888 1112 964 regis

112 969 199 1030 lubae
216 969 318 1045 hlium,
345 967 547 1027 consobrinum
567 985 663 1045 sunm,
688 969 768 1048 (erat
785 969 860 1028 enim
877 977 906 1028 et
927 968 951 1028 is
967 969 1004 1029 lli.
1021 969 1111 1030 Anto·

113 1054 151 1113 nii
177 1071 214 1113 ex
236 1052 343 1111 Selene
369 1051 426 1112 iilia
448 1051 558 1131 nepos)
588 1060 616 1111 et
643 1053 672 1112 in
699 1051 798 1130 primis
822 1053 915 1130 ipsum
934 1053 1111 1130 blaorouem,

78 1154 105 1197 ro
113 1139 204 1217 ipsam
224 1134 360 1211 Enniam,
390 1136 536 1196 adiutores
557 1136 684 1214 imperii:
716 1135 817 1214 quibus
839 1135 969 1195 omnibns
992 1155 1046 1216 pro
1062 1155 1110 1196 ne·

114 1219 295 1282 cessitndinis
311 1221 373 1280 iure
390 1237 501 1300 proque
512 1220 677 1280 meritorum
698 1220 791 1297 gratia
816 1228 934 1280 cruenta
951 1236 1030 1280 mors
1046 1237 1111 1299 per-

113 1305 207 1366 soluta
223 1312 278 1364 est.
921 1353 925 1360 .

175 1387 271 1448 Nihilo
286 1387 468 1446 reverentior
481 1386 613 1447 leniorne
628 1405 700 1466 erga
719 1396 863 1466 senatum,
884 1388 1022 1468 quosdam
1037 1407 1110 1450 sum-

111 1473 164 1532 mis
179 1471 337 1532 honoribus
354 1471 469 1530 functos
494 1470 529 1531 ad
552 1471 685 1532 essedum
709 1471 763 1532 sibi
783 1490 901 1533 currere
924 1481 1042 1552 togatos
1056 1491 1111 1553 per

78 1577 103 1618 rs
112 1556 221 1634 aliquot
239 1573 374 1634 passuum
390 1554 483 1633 milia,
514 1563 543 1615 et
559 1558 690 1617 caenanti
712 1557 798 1617 modo
823 1557 859 1618 ad
879 1557 1005 1636 pluteum
1022 1557 1109 1618 modo

107 1639 148 1717 uad
164 1638 256 1718 pedes
273 1649 351 1699 stare
369 1641 534 1700 succinctos
551 1639 639 1701 linteo
656 1659 760 1720 passus
779 1650 837 1712 est;
860 1641 933 1702 alios
950 1660 1013 1701 cnm
1036 1642 1110 1704 clam

111 1725 318 1800 interemisset,
338 1723 427 1784 citare
442 1724 530 1785 nihilo
546 1726 638 1786 minus
654 1735 684 1786 ut
698 1727 782 1786 vivos
798 1727 1015 1806 perseveravit,
1040 1745 1108 1805 pau·

20 1821 21 1826 ’
112 1825 163 1868 cos
178 1815 245 1887 post
258 1806 321 1868 dies
337 1807 497 1870 voluntaria
514 1818 606 1870 morte
618 1811 731 1888 perisse
746 1813 889 1870 mentitus.
934 1808 1109 1871 Consulibus

111 1891 208 1953 oblitis
225 1890 261 1951 de
276 1891 363 1953 natali
378 1909 430 1952 suo
446 1892 562 1953 edicere
586 1893 739 1972 abrogavit
758 1895 969 1972 magistratum,
998 1894 1108 1975 luitque

75 1994 165 2058 mper
182 1975 302 2035 triduum
323 1978 385 2036 sine
405 1994 511 2036 summa
527 1986 671 2056 potestate
690 1995 739 2038 res
764 1997 793 2056 p.
812 1978 1003 2052 Quaestorem
1028 1995 1108 2038 snum

109 2063 138 2123 in
157 2061 353 2124 coniuratione
375 2061 547 2120 nominatum
571 2061 746 2138 flagellavit,
781 2068 863 2120 veste
889 2059 1019 2140 detracta
1042 2059 1107 2120 snb·

109 2148 242 2226 iectaque
257 2146 373 2206 militum
390 2143 526 2223 pedibus,
546 2162 602 2222 quo
621 2145 699 2204 firme
718 2145 898 2204 uerberaturi
914 2145 1090 2205 insisterent.

172 2229 262 2291 Simili
290 2228 426 2306 snperbia
456 2229 652 2307 violentiaque
682 2236 797 2289 ceteros
822 2229 956 2288 tractavit
981 2228 1106 2289 ordines.

110 2314 285 2394 Inquietatus
310 2314 423 2375 fremitu
449 2313 572 2390 gratuita
597 2314 625 2372 in
652 2312 731 2373 circo
753 2312 819 2374 loca
845 2311 882 2372 de
906 2311 999 2372 media
1021 2321 1107 2373 nocte

76 2420 101 2460 aa
111 2400 329 2478 occupantium,
356 2399 447 2457 omnis
462 2395 584 2457 fustibus
599 2395 711 2474 abegit;
735 2397 799 2458 elisi
812 2415 866 2476 per
879 2415 943 2458 eum
961 2397 1114 2458 tumultum

109 2483 210 2560 viginti
238 2481 359 2561 amplius
388 2482 500 2560 equites
523 2481 559 2542 R.
581 2480 699 2542 totidem
725 2490 888 2560 matronae,
915 2500 1004 2562 super
1027 2482 1105 2542 inuu-

108 2585 215 2627 meram
234 2566 344 2626 turbam
374 2573 509 2625 ceteram.
553 2566 702 2626 Scaenicis
729 2565 818 2644 ludis,
845 2567 919 2627 iuter
939 2565 1056 2645 plebem
1077 2575 1106 2626 et

108 2651 234 2729 equitem
252 2667 366 2712 causam
381 2647 588 2709 discordiarum
609 2668 727 2729 serens,
756 2650 883 2711 decimas
903 2651 1038 2711 maturius
1057 2648 1102 2709 da-

109 2734 174 2812 bat,
200 2743 230 2795 ut
252 2734 397 2814 equestria
418 2733 453 2794 ab
478 2734 573 2794 inlimo
595 2751 710 2814 quoque
732 2743 952 2815 occuparentur.
991 2731 1091 2795 Gladia

74 2819 184 2892 notorio
208 2837 341 2896 munere,
363 2817 489 2878 reductis
517 2817 656 2879 interdum
685 2819 905 2898 flagrantissimo
936 2817 1000 2877 sole
1021 2817 1104 2892 velis,

108 2901 198 2962 emitti
215 2920 383 2982 quemquam
397 2900 514 2963 vetabat
535 2912 705 2983 remotoque
719 2902 864 2964 ordinario
882 2909 1037 2981 apparatu,
1063 2909 1104 2960 ta·

20 3017 27 3040 ·.
107 2986 180 3046 hidis
201 2987 272 3048 ieris
294 2987 451 3047 vilissimos
466 2987 605 3065 senioque
625 2988 777 3048 confectos
794 2985 987 3063 gladiatores,
1001 2985 1019 3021 *
1034 3001 1103 3062 quo·

20 3149 21 3152 Ἴ
107 3089 163 3150 que
179 3074 345 3151 paegniaris
359 3079 458 3151 patres
470 3070 639 3131 familiarum
653 3080 738 3131 notos
754 3070 806 3131 sed
821 3071 941 3148 insignis
957 3067 1104 3128 debilitate

107 3155 201 3235 aliqua
220 3157 352 3236 corporis
375 3154 529 3216 obiciebat.
572 3154 618 3215 Ac
634 3171 858 3234 nonnumquam,
884 3152 998 3214 horreis
1020 3170 1103 3231 prae·

72 3267 97 3308 aa
109 3239 213 3317 clusis,
240 3241 349 3320 populo
368 3241 471 3301 larnenr
487 3239 597 3301 indixit.

139 3319 140 3324 ’
171 3326 325 3404 Saevitiam
351 3327 460 3403 ingenii
482 3344 536 3405 per
558 3323 631 3385 haec
659 3325 780 3384 maxime
799 3319 933 3382 ostendit.
977 3317 1048 3381 (lum
1068 3317 1141 3382 adtl

106 3411 239 3488 saginam
254 3411 379 3471 ferarum
393 3412 501 3470 muneri
523 3416 756 3489 praeparatarum
771 3406 864 3467 carius
879 3402 1007 3486 pecudes
1026 3421 1102 3465 com·

106 3504 294 3574 pararentur,
321 3511 358 3554 ex
386 3494 479 3554 noxiis
507 3491 656 3554 laniandos
684 3491 829 3554 adnotavit
854 3500 884 3551 et
900 3487 1102 3636 9cpstodiarum
