2466 3896
7 452 46 570 ι

3 613 12 885 1

610 210 713 261 nnec.
791 225 793 230 ·
840 226 844 234 ¹
1098 205 1158 264 175

167 367 319 446 multiplex
334 384 436 446 penus,
449 375 578 426 tesserae
593 367 802 444 frumentariae,
820 369 920 444 vestis,
937 387 1044 446 aurum,
1056 387 1159 448 argen-

169 462 237 528 tum,
257 467 396 529 gemmae,
415 453 608 531 margaritae,
612 450 725 510 tabulae
741 454 846 530 pictae,
863 455 1014 532 mancipia,
1027 455 1159 531 iumenta,

169 544 255 614 atquc
270 537 353 595 etiam
369 543 535 594 mansuetae
550 526 640 610 ferae,
657 537 813 594 novissime
827 555 916 596 naves
923 536 1070 614 ,insulae,
1087 540 1160 616 agri.

167 620 230 680 llos
245 618 336 678 ludos
344 619 487 696 spectavit
510 636 526 676 e
548 621 685 696 prosceni
707 619 833 696 fastigio.
877 582 1221 720 Muhere3quodin12

145 702 379 781 aamphitheatro
395 701 492 778 ligneo
509 703 630 778 regione
644 703 738 762 Martii
755 705 846 782 campi
862 705 934 764 intra
951 707 1020 764 anni
1039 707 1161 784 spatium

168 787 309 848 fabricato
324 785 410 860 dedit,
426 787 568 844 neminem
586 787 707 862 occidit,
725 806 761 846 ne
784 789 935 846 noxiorum
959 789 1087 866 quidem:
1111 810 1189 851 ex·

38 937 46 956 3
69 895 70 899 ’
167 871 256 931 hibuit
273 879 365 930 autem
378 828 413 928 acl
425 869 532 928 ferrum
545 872 630 930 etiam
642 870 867 948 quadringentos
880 881 1030 932 senatores
1044 891 1160 934 sescen-

167 965 271 1033 tosque
287 955 398 1032 equites
409 953 564 1031 Romanos,
579 963 607 1014 et
619 955 756 1033 quosdam
771 955 902 1014 fortunae
918 965 1003 1035 atque
1018 959 1160 1018 existima·

168 1041 254 1099 tionis
270 1039 412 1114 integrae,
431 1055 468 1096 ex
486 1036 577 1096 isdem
593 1037 741 1098 ordinibus
752 1039 943 1104 'coniectores
960 1057 1074 1118 quoque
1087 1041 1160 1100 iera-

135 1138 158 1179 ιο
167 1142 229 1183 rum
245 1131 274 1181 et
288 1122 368 1180 varia
384 1121 509 1181 harenae
524 1122 695 1190 ministeria:
712 1122 841 1182 exhibuit
855 1132 885 1182 et
898 1119 1091 1184 naumachiam
1103 1142 1160 1184 ma·

166 1209 227 1268 rina
245 1223 329 1284 aqua,
346 1205 505 1264 innantibus
526 1205 634 1274 belnis;
657 1207 725 1266 item
747 1206 896 1284 pyrrichas
916 1206 1051 1284 quasdam
1072 1225 1087 1266 e
1111 1227 1160 1267 nu-

166 1308 247 1350 mero
267 1288 455 1368 epheborum,
472 1289 573 1367 quibus
588 1299 655 1368 post
673 1291 775 1350 editam
791 1307 910 1370 operam
926 1290 1118 1369 diplomata'
1093 1291 1160 1350 crvi-

166 1376 232 1434 tatis
248 1374 395 1433 Romanae
410 1373 530 1449 singulis
547 1373 658 1472 optulit.
690 1373 767 1433 lnter
781 1373 978 1455 pyrricharum
994 1385 1161 1474 argumenta

168 1467 268 1518 taurus
280 1455 450 1535 Pasiphaam
467 1457 589 1534 ligneo
581 1477 721 1518 iuvencae
738 1457 890 1518 simulacro
907 1458 1053 1518 abditam
1045 1459 1114 1534 rniit,
1131 1468 1162 1517 ut

42 1521 54 1534 κ’
133 1549 158 1590 1⁵
167 1540 246 1600 multu
268 1541 458 1619 spectantium
481 1541 677 1611 crediderunt;
704 1540 802 1602 lcarus
826 1543 917 1620 primo
940 1544 1032 1602 statim
1057 1551 1160 1603 conatu

166 1627 245 1684 iuxta
262 1623 462 1686 cubiculum
435 1644 496 1685 erus
509 1626 638 1685 decidit
630 1643 777 1704 ipsumque
791 1643 895 1685 cruore
905 1627 1056 1705 respersit.
1088 1625 1160 1704 Nam

167 1725 288 1788 perraro
309 1708 487 1788 praesidere,
505 1719 631 1770 ceterum
649 1709 802 1785 accubans,
822 1711 919 1789 parvis
942 1713 1062 1791 primunr
1084 1711 1159 1771 iora-

64 1867 78 1882 st
103 1845 128 1866 ι,
166 1792 299 1868 minibus,
317 1792 420 1852 deinde
436 1803 496 1854 toto
514 1794 602 1873 podio
619 1793 757 1872 adaperto
773 1803 907 1872 spectare
924 1802 1088 1854 consuerat.

229 1875 352 1935 Instituit
369 1886 397 1935 et
412 1878 623 1955 quinquennale
640 1885 784 1936 certamen
797 1878 904 1955 primus
917 1879 1039 1937 omnium
1050 1878 1160 1938 Romae

132 1977 248 2020 rumore
271 1959 384 2022 Graeco
409 1961 530 2038 triplex,
557 1961 693 2020 musicum
722 1962 884 2036 gymnicum
912 1971 1066 2039 equestre,
1084 1960 1159 2040 quod

155 2044 326 2122 appellavit
344 2041 487 2112 Neronia;
514 2043 711 2125 dedicatisque
743 2043 860 2102 thermis
886 2053 972 2123 atque
1000 2046 1157 2120 gymnasio,

167 2129 277 2188 senatui
292 2145 407 2206 quoquo
424 2135 453 2186 et
468 2128 556 2205 equiti
571 2126 666 2186 oleum
682 2127 822 2206 praebuit.
850 2126 1006 2204 Magistros
1019 2137 1081 2187 toto
1097 2146 1158 2188 cer·
1175 2135 1179 2141 ’

133 2285 136 2290 ¹
166 2212 263 2276 tamini
280 2212 449 2290 praeposuit
464 2211 632 2271 consulares
648 2219 738 2286 sorte,
755 2211 825 2270 sede
845 2220 1019 2289 praetorum.
1047 2210 1159 2270 Deinde

167 2296 195 2354 iu
211 2294 389 2356 orchestram
405 2303 591 2374 senatumque
604 2293 762 2372 descendit,
780 2305 809 2354 et
824 2295 961 2355 orationis
973 2295 1087 2374 quidem
1099 2313 1159 2356 car·

131 2380 307 2458 seminisque
322 2379 413 2438 hutini
429 2379 628 2460 coronam,*de
643 2398 698 2458 qua
713 2379 930 2438 honestissimus
951 2381 1072 2460 quisque
1091 2396 1158 2439 con·

167 2462 307 2539 tenderat,
325 2465 452 2542 ipsorum
469 2481 613 2523 consensu
631 2480 800 2524 concessam
818 2461 871 2524 sibi
885 2465 1013 2542 recepit,
1032 2464 1159 2525 citharae

166 2556 260 2608 autem
275 2565 291 2607 a
306 2547 446 2606 iudicibus
464 2547 499 2608 ad
516 2566 548 2608 se
561 2545 682 2607 delatam
694 2547 825 2608 adoravit
846 2547 973 2626 ferrique
989 2549 1024 2608 ad
1035 2547 1159 2626 Augusti

167 2640 288 2690 statuam
303 2633 395 2701 iussit.
440 2631 589 2706 Gymnico,
606 2631 713 2729 quod
704 2651 733 2690 m
749 2632 846 2710 Septis
868 2631 987 2707 edebat,
1010 2634 1084 2692 inter
1108 2631 1158 2688 bu·

166 2712 279 2788 thysiae
300 2723 468 2794 apparatum
491 2715 608 2776 barbam
630 2717 749 2793 primam
769 2717 880 2796 posuit,
910 2679 1139 2792 conditamque
1131 2732 1159 2771 m

131 2819 157 2862 to
167 2815 282 2858 auream
298 2799 432 2878 pyxidem
448 2808 477 2858 et
491 2800 708 2878 pretiosissimis
719 2801 882 2876 margaritis
894 2799 1059 2860 adornatam
1074 2795 1158 2876 Capi·

166 2881 238 2941 tolio
256 2885 447 2943 consecravit.
492 2883 538 2942 ht
559 2881 728 2943 athletarum
750 2883 946 2962 spectaculum
975 2882 1105 2942 invitarit
1131 2890 1212 2964 et3

164 2983 294 3043 virgines
305 2967 451 3044 Vestales,
468 2969 534 3045 qnia
547 2965 702 3046 Olympiae
721 2985 836 3046 quoque
858 2966 977 3027 Cereris
1002 2965 1158 3026 sacerdoli·
1202 2921 1227 3011 7*

105 3049 219 3142 bus
233 3060 368 3128 spectare
385 3052 561 3110 conceditur.
616 3105 618 3113 ι
1172 3075 1176 3080 ·

121 3147 124 3154 ’
230 3133 295 3194 Νοιι
310 3137 450 3195 immerito
466 3137 541 3195 inter
556 3135 723 3213 spectacula
738 3134 773 3194 ab
790 3152 826 3193 eo
842 3135 918 3194 edita
934 3144 962 3194 et
978 3129 1202 3194 Tiridatis'ru13

3 3217 6 3232 ’
130 3215 266 3280 aaurbem
281 3220 425 3280 introilum
437 3219 594 3279 retulerim
638 3219 729 3293 Quem
744 3217 897 3279 Armeniae
914 3236 1025 3294 regem,
1048 3216 1159 3293 magnis
1230 3222 1232 3230 '

165 3300 424 3378 pollicitationibus
441 3302 631 3378 sollicitatum,
649 3320 711 3360 cum
728 3301 870 3367 destinato
895 3321 949 3380 per
968 3301 1090 3362 edictum
1113 3299 1159 3358 die

166 3393 334 3445 ostensurus
347 3386 457 3484 populo
483 3395 603 3465 propter
619 3349 744 3444 hubilum
761 3385 928 3462 distulisset,
947 3385 1081 3465 produxit
1103 3398 1159 3461 quo

166 3469 411 3546 opportunissime
430 3469 532 3548 potuit
559 3469 705 3548 dispositis
728 3469 806 3533 circa
828 3469 886 3531 iori
911 3431 1018 3550 ¹t’empla
1044 3467 1158 3529 armatis
