2450 3910
457 218 687 266 nonarumque.
999 205 1058 269 243

68 373 261 454 deperditam,
291 372 467 451 repudiavit,
500 375 632 450 intraque
657 373 748 432 breve
773 383 885 453 tempus
910 375 1061 453 impatiens

68 457 188 534 discidii,
204 457 285 535 quasi
301 457 477 535 eillagitante
494 457 613 536 populo,
629 457 751 516 reduxit.

132 540 217 601 Circa
239 539 512 601 administrationem
531 551 625 601 autem
642 543 754 620 imperii
775 541 937 622 aliquandiu
960 560 992 600 se
1012 559 1059 601 va·

67 627 138 687 rium
153 626 304 705 praestitit,
319 628 440 686 mixtura
455 643 571 704 quoque
587 625 731 703 aequabili
748 627 879 687 vitiorum
898 635 984 704 atque
1006 627 1050 684 vir

45 719 170 778 ctutum
187 709 280 768 donec
293 711 414 770 virtutes
430 728 546 788 quoque
561 711 589 768 iu
604 711 671 769 vitia
687 709 819 770 deflexit:
841 719 973 788 quantum
993 727 1060 768 con·

16 819 20 824 ·
67 796 177 855 iectare
198 793 283 869 licet,
319 812 407 873 super
441 794 548 871 ingenii
582 802 710 854 naturam
735 795 831 872 iuopia
855 811 959 872 rapax,
985 802 1062 852 meta

68 897 183 938 saevus.

131 960 304 1040 Spectacula
324 961 437 1021 assidue
453 961 604 1039 magnilica
621 970 651 1020 et
671 969 836 1038 sumptuosa
853 959 940 1020 edidit
957 977 1015 1018 uon
1034 961 1090 1034 inq

69 1045 277 1125 amphitheatro
289 1045 386 1123 modo,
398 1064 497 1106 uerum
510 1055 538 1105 et
550 1047 578 1104 in
595 1047 689 1116 circo;
707 1045 755 1104 ubi
771 1053 889 1124 praeter
905 1043 1061 1104 sollemnes

35 1144 58 1186 ro
68 1131 199 1208 bigarum
232 1129 489 1210 quadrigarumque
524 1148 624 1189 cursus
660 1128 801 1208 proelium
831 1128 915 1188 etiam
944 1125 1061 1205 duplex,

69 1223 203 1294 equestre
220 1231 257 1272 ac
277 1213 432 1291 pedestre,
453 1214 607 1282 commisit;
631 1222 660 1272 at
676 1215 705 1272 in
727 1211 936 1291 amphitheatro
958 1209 1064 1270 navale

36 1353 57 1372 ,
68 1315 194 1378 qaoque.
217 1295 290 1356 Nam
308 1300 478 1357 venationes
496 1296 731 1376 gladiatoresque
749 1306 779 1357 et
790 1295 922 1357 noctibas
934 1294 970 1355 ad
981 1293 1062 1369 lycb·

67 1381 195 1449 nuchos;
214 1398 269 1439 uec
288 1381 415 1441 virorum
432 1381 518 1441 modo
531 1398 653 1460 pugnas,
672 1380 724 1441 sed
736 1390 764 1442 et
775 1381 950 1442 feminarum.
975 1378 1061 1439 Pras·

68 1476 150 1526 terea
163 1465 336 1540 quaestoriis
347 1466 527 1542 muneribus,
547 1482 620 1543 quae
642 1464 710 1525 olim
732 1466 838 1525 omissa
859 1471 1062 1540 revocaverat,
1082 1465 1139 1534 ,1:22
1166 1503 1169 1514 ·

36 1561 58 1601 ¹⁵
68 1554 108 1610 ita
118 1565 234 1625 semper
244 1548 382 1626 interluit,
399 1557 429 1610 ut
447 1549 556 1630 populo
575 1558 747 1626 potestatem
765 1549 877 1609 iaceret
895 1549 961 1610 bina
983 1549 1063 1626 paria

69 1653 86 1693 e
102 1648 154 1692 suo
167 1631 234 1691 ludo
248 1633 426 1711 postulandi,
444 1651 537 1713 eaque
554 1634 710 1694 novissima
726 1635 820 1694 aulico
833 1641 973 1712 apparatu
984 1630 1062 1691 indu·

70 1724 160 1777 ceret.
191 1715 236 1775 Ac
256 1734 309 1795 per
332 1733 416 1778 omne
443 1718 632 1796 gladiatorum
659 1719 857 1797 spectaculum
882 1715 1063 1797 antepedes

69 1801 97 1860 ei
115 1798 209 1860 stabat
231 1800 367 1878 puerulus
393 1805 561 1863 coccinatus
586 1820 678 1880 parvo
701 1811 932 1882 portentosoque
958 1801 1062 1881 capite,

71 1901 134 1945 cum
152 1901 209 1963 quo
228 1884 378 1962 plurimum
396 1886 590 1963 fabulabatur,
608 1903 817 1964 nonnumquam
844 1887 931 1946 serio.
976 1884 1062 1942 Audi·

35 1979 114 2029 ²⁰tus
134 1977 178 2028 est
198 1978 289 2045 certe,
308 1969 372 2028 dum
390 1988 427 2030 ex
444 1989 480 2030 eo
498 1970 617 2048 quaerit,
637 1969 748 2050 ecquid
757 1971 861 2044 sciret,
879 1987 934 2030 eur
945 1965 1061 2027 sidici-

69 2069 137 2113 sum
151 2057 231 2112 caret
250 2052 446 2114 ordenatione
462 2053 611 2131 proximu
631 2051 769 2133 Aegypto
783 2052 956 2131 praeficere
976 2049 1061 2111 Mae·

70 2135 150 2198 cmm
163 2134 289 2214 Rasum.
320 2137 416 2197 Edidit
433 2137 543 2198 navalis
563 2154 676 2216 pugnas
694 2155 788 2215 paene
805 2139 940 2197 iustarum
964 2134 1062 2194 classi·

70 2239 126 2296 um,
146 2219 255 2281 ebosso
274 2230 302 2281 et
319 2221 536 2282 circumstructo
557 2221 634 2282 iuxta
658 2220 785 2281 Tiberim
811 2220 891 2296 lacu,
915 2228 1000 2297 atque
1023 2219 1063 2276 in·

70 2313 116 2364 ter
129 2305 267 2364 maximos
285 2304 391 2366 imbres
409 2307 616 2385 perspectauit.
1068 2315 1109 2344 s

36 2408 59 2448 au
132 2386 216 2448 Fecit
232 2397 262 2448 et
277 2389 361 2451 ludos
379 2389 568 2466 Saeculares,
592 2398 757 2468 computata
773 2389 884 2449 ratione
904 2395 1063 2466 temporum

70 2471 106 2534 ad
124 2479 226 2532 anuum
242 2490 299 2532 oon
320 2491 377 2552 quo
395 2473 530 2535 Claudius
551 2476 698 2552 proxime,
722 2472 775 2532 sed
798 2488 855 2550 quo
880 2472 947 2531 olim
966 2470 1086 2546 Augu·

71 2565 132 2616 stus
149 2554 291 2626 edideram
308 2560 337 2616 iu
354 2560 389 2617 iis
407 2559 577 2618 circensium
596 2558 651 2634 die,
669 2574 726 2636 quo
744 2555 856 2618 facilius
876 2565 987 2616 centum
999 2554 1063 2613 mis-

71 2659 120 2700 sus
132 2651 357 2718 peragerentur,
371 2641 502 2720 singulos
520 2661 535 2702 a
552 2643 680 2721 septenis
700 2642 801 2721 spatiis
820 2639 855 2700 ad
874 2641 958 2719 quina
977 2635 1063 2699 corri-

91 2725 141 2784 uit.
470 2770 472 2778 ,

38 2742 89 2863 obp
132 2805 255 2870 lastituit
273 2817 301 2870 et
313 2810 524 2888 quinquennale
537 2818 683 2870 certamen
696 2807 859 2887 Capitolino
871 2807 935 2867 lovi
947 2799 1077 2884 triplex,

7 2953 11 2966 ,
70 2892 207 2954 musicum
220 2902 356 2970 equestre
367 2893 544 2970 gymnicum,
557 2901 586 2953 at
597 2894 743 2973 aliquanto
759 2892 882 2971 plurium
894 2907 977 2969 quam
991 2905 1065 2948 nanc

72 2983 118 3036 est
135 2993 316 3037 coronarum.
359 2975 514 3038 Certabant
539 2979 613 3037 euim
637 2986 666 3037 et
683 2994 772 3057 prosa
796 2977 928 3036 oratione
953 2972 1065 3034 Graece
1098 3051 1103 3056 ι

71 3058 246 3139 Latiaeque,
271 3079 306 3122 ac
324 3071 440 3140 praeter
464 3061 649 3121 citharoedos
674 3059 932 3121 chorocitharistae
950 3073 1065 3136 qaoque

73 3151 102 3204 et
119 3144 376 3221 psilocitharistac;
395 3147 424 3205 iu
442 3145 536 3206 stadio
553 3163 626 3206 uero
638 3163 724 3205 cursu
736 3145 820 3204 etiam
832 3142 972 3220 uirgines.
995 3138 1069 3200 Ger-

39 3228 169 3288 astamini
185 3229 333 3310 praesedit
350 3229 514 3310 crepidatus
533 3247 734 3310 purpureaque
752 3229 871 3288 amictus
889 3235 959 3304 toga
977 3224 1067 3286 Grae*

75 3313 184 3389 canica,
203 3315 298 3391 capite
315 3324 434 3392 gestans
453 3333 589 3375 coronam
608 3331 722 3374 auream
740 3331 804 3373 cam
823 3311 923 3388 effigie
939 3310 1065 3372 loaisae

73 3391 188 3458 lunonis
204 3397 424 3477 Minervaeque;
453 3397 647 3459 adsidentibus
663 3397 737 3459 Diali
756 3395 910 3457 sacerdote
927 3404 956 3456 et
975 3393 1063 3455 colle

75 3478 124 3554 gio
143 3479 310 3542 Flauialium
326 3483 390 3562 pari
409 3481 515 3559 habitu,
534 3483 589 3542 nisi
607 3481 684 3561 quod
700 3481 815 3542 illorum
834 3481 951 3543 coronis
973 3479 1064 3538 inerat

837 3566 904 3628 16*
