2468 3912
142 213 181 275 78
225 225 420 275 c.suuu0u1
435 223 562 285 renuo.
579 225 627 272 nn
642 225 724 272 vrrs
743 224 926 303 cassanum
944 225 1013 273 nra.
1028 225 1065 272 11.

141 384 211 443 ioris
237 381 417 460 tempestatis
443 382 637 460 suspicionem
662 381 691 439 in
711 378 836 440 abditum
858 398 887 440 ec
908 390 1141 441 concamaratum

141 469 236 528 locum
262 483 295 525 se
316 465 480 544 reciperet,
503 473 704 527 consternatus
727 463 794 525 olim
817 482 871 544 per
890 472 1060 525 nocturnum
1085 467 1142 525 iter

142 563 308 612 transcursu
323 549 463 626 fulguris,
479 559 509 610 ut
525 548 728 629 praediximus.

97 649 130 708 91
206 633 322 694 Somnia
342 650 438 712 neque
461 652 512 694 sua
530 649 626 712 neque
647 633 740 694 aliena
756 633 793 694 de
808 651 840 694 se
857 633 1045 712 neglegebat.
1077 634 1142 696 Pbi·
1228 649 1229 710 l

141 719 267 798 lippensi
287 719 350 778 acie
367 719 496 796 quamvis
514 719 661 778 statuisset
678 736 736 778 non
751 716 853 796 egredi
868 717 1055 780 tabernaculo
1073 737 1142 798 pro·
1156 733 1169 773 s
1228 713 1229 766 l

140 814 207 887 pter
221 801 421 878 valitudinem,
446 820 586 880 egressus
603 810 756 862 esttamen
771 802 855 862 amici
874 803 986 862 somnio
1001 804 1142 871 monitus;

142 888 289 966 cessitque
310 904 359 946 rea
382 903 542 966 prospere,
568 885 682 965 quando
703 886 797 964 captis
818 887 920 947 castris
939 886 1045 947 lectica
1068 887 1142 964 eius,

141 973 223 1054 quasi
246 970 284 1032 ibi
301 969 409 1032 cubans
423 971 623 1047 remansisset,
647 988 791 1031 concursu
805 969 929 1031 bostium
945 971 1083 1032 confossa
1101 980 1142 1030 at·

141 1076 197 1138 que
212 1057 341 1116 lacerata
356 1063 409 1114 est.
432 1055 501 1135 lpse
516 1073 570 1135 per
584 1073 668 1117 omne
683 1073 736 1114 ver
751 1054 872 1133 plurima
889 1065 918 1115 et
930 1055 1141 1115 formidulosis-

140 1145 210 1203 sima
235 1149 264 1201 et
287 1157 360 1200 rana
388 1148 417 1199 et
442 1140 520 1200 irrita
541 1139 671 1215 videbat,
691 1137 806 1218 reliquo
826 1142 1089 1218 temporerariora
1113 1147 1143 1199 et
1156 1158 1182 1200 rs

139 1229 230 1289 minus
242 1242 325 1286 vana.
359 1222 429 1284 Cum
446 1224 606 1285 dedicatam
621 1225 649 1283 in
666 1221 811 1302 Capitolio
828 1222 929 1284 aedem
945 1223 1067 1284 Tonanti
1077 1222 1141 1283 lovi

140 1311 254 1374 assidue
279 1310 491 1388 frequentaret,
520 1310 689 1386 somniavit,
717 1309 798 1386 queri
825 1304 1017 1386 Capitolinum
1040 1307 1142 1368 lovem

141 1398 270 1458 cultores
285 1393 340 1454 sibi
358 1393 477 1470 abduci,
494 1412 586 1474 seque
600 1391 810 1473 respondisse,
827 1391 986 1453 Tonantem
1002 1410 1056 1473 pro
1070 1392 1141 1451 iani·
1210 1452 1215 1460 ,

140 1491 204 1542 tore
222 1479 250 1538 ei
265 1479 443 1558 appositum;
464 1477 592 1557 ideoque
607 1495 676 1538 mox
692 1475 885 1537 tintinnabulis
900 1477 1045 1554 fastigium
1060 1475 1141 1536 aedis

140 1562 277 1639 redimiit,
294 1561 371 1640 quod
389 1579 424 1621 ea
439 1561 503 1621 iere
518 1563 610 1621 ianuis
625 1561 837 1642 dependebant.
860 1559 906 1621 Ex
920 1570 1062 1621 nocturno
1077 1561 1142 1620 visu
1155 1579 1181 1621 rs

141 1651 225 1709 etiam
240 1647 343 1724 stipem
359 1653 429 1725 quot
444 1646 525 1704 annis
539 1645 585 1705 die
602 1656 682 1706 certo
700 1645 899 1706 emendicabat
914 1664 931 1706 a
946 1645 1071 1725 populo,
1094 1663 1141 1705 ca-

142 1751 205 1792 vam
219 1747 332 1789 manum
349 1747 432 1789 asses
451 1729 669 1808 porrigentibus
685 1729 840 1809 praebens.

98 1831 132 1885 92
201 1814 341 1892 Auspicia
364 1822 393 1874 et
412 1814 506 1874 omina
524 1814 662 1892 quaedam
686 1831 740 1892 pro
764 1815 932 1875 certissimis
948 1813 1141 1874 observabat:

141 1903 165 1961 si
187 1917 270 1959 mane
290 1898 344 1958 sibi
370 1898 486 1959 calceus
506 1916 661 1979 perperam
678 1917 713 1958 ao
731 1900 846 1975 sinister
867 1917 922 1978 pro
940 1898 1043 1958 dextro
1062 1897 1141 1957 indu-

142 1993 272 2060 ceretur,
289 1992 318 2043 ut
333 1983 438 2052 dirum;
454 1983 479 2042 si
494 1991 572 2044 terra
587 1983 695 2043 marive
709 1982 891 2060 ingrediente
908 2001 941 2044 se
955 1983 1181 2060 longinquamm

141 2069 354 2151 protectionem
367 2069 445 2128 lorte
461 2076 607 2143 rorasset‚
623 2077 653 2127 ut
668 2068 773 2128 laetum
785 2070 945 2147 maturique
960 2076 990 2127 et
1005 2068 1141 2145 prosperi

139 2155 258 2216 reditus.
292 2153 350 2213 Sed
366 2162 395 2213 et
411 2154 532 2213 ostentis
548 2153 705 2232 praecipue
720 2151 898 2212 movebatur.
932 2151 1052 2212 linatam
1065 2152 1142 2210 inter

140 2243 285 2300 iuncturas
306 2238 431 2317 lapidum
451 2247 517 2298 ante
535 2237 648 2297 domum
664 2254 743 2296 suam
759 2236 882 2315 palmam
901 2237 929 2296 in
948 2235 1142 2314 compluvium
1227 2219 1229 2280 Ῑ

141 2323 260 2384 deorum
276 2321 423 2383 Penatium
443 2321 599 2397 transtulit,
622 2329 709 2399 utque
728 2320 912 2380 coalesceret
926 2336 1031 2397 magno
1048 2337 1141 2399 opere

142 2408 261 2466 curavit.
296 2404 384 2484 Apud
404 2405 525 2466 insulam
549 2403 678 2485 Capreas
699 2407 872 2464 veterrimae
897 2405 972 2465 ilicis
997 2403 1183 2465 demissoszs
1228 2403 1229 2458 l

141 2493 196 2550 iam
214 2488 249 2548 ad
269 2498 374 2549 terram
389 2490 610 2569 languentisque
624 2507 720 2549 ramos
738 2489 921 2550 convaluisse
936 2487 1059 2549 adventu
1074 2505 1141 2564 suo,
1228 2541 1229 2554 ,

142 2573 216 2635 adeo
231 2573 354 2633 laetatus
371 2582 426 2651 est,
442 2582 471 2632 ut
486 2591 537 2634 eas
554 2592 616 2633 cum
630 2592 664 2633 re
681 2591 709 2652 p.
725 2573 982 2652 Neapolitanorum
997 2582 1141 2652 permuta-

140 2659 224 2735 verit,
242 2657 368 2718 Aenaria
384 2657 457 2718 data.
489 2657 671 2718 observabat
687 2667 715 2717 et
730 2656 792 2718 dies
807 2658 955 2736 quosdam,
971 2676 1008 2716 ne
1026 2666 1073 2717 aut
1088 2675 1142 2735 po·

140 2741 241 2816 stridie
253 2742 392 2802 nundinas
407 2759 550 2823 quoquam
563 2742 809 2821 proficisceretur,
827 2750 873 2802 aut
884 2741 976 2802 Nonis
988 2743 1145 2821 quicquam

140 2829 184 2889 rei
204 2829 298 2888 seriae
320 2827 487 2896 inchoaret;
511 2827 580 2886 nihil
599 2829 627 2886 in
644 2827 701 2887 hoc
717 2826 830 2905 quidem
847 2825 923 2887 aliud
938 2825 1085 2902 devitans,
1113 2835 1184 2894 ntea

141 2912 176 2974 ad
192 2911 337 2973 Tiberium
354 2911 469 2989 scribit,
486 2929 570 2991 quam
585 2908 779 2990 δυσφημίαν
793 2912 923 2971 nominis.

99 3009 134 3064 93
204 2995 426 3074 Peregrinarum
442 2997 679 3056 caerimoniarum
695 2997 768 3055 sicut
784 3003 900 3055 veteres
919 3013 954 3056 ac
967 3003 1146 3073 praeceptas
1227 2993 1229 3022 ²

141 3083 377 3142 reverentissime
397 3081 503 3158 coluit,
526 3081 564 3140 ita
587 3089 700 3140 ceteras
723 3081 899 3158 contemptui
919 3079 1026 3140 habuit.
1056 3077 1145 3138 llam-

142 3182 198 3243 que
222 3163 344 3225 Athenis
366 3167 508 3242 initiatus,
537 3183 601 3226 cnm
623 3172 727 3244 postea
746 3165 856 3224 Romae
882 3181 935 3244 pro
956 3162 1089 3224 tribunali
1107 3163 1146 3223 de

143 3247 299 3325 privilegio
322 3248 505 3311 sacerdotum
518 3248 634 3310 Atticae
650 3246 766 3308 Cereris
785 3256 983 3324 cognosceret
1004 3256 1034 3307 et
1053 3265 1186 3326 quae-ss

143 3329 206 3391 dam
234 3336 393 3396 secretiora
418 3341 668 3413 proponerentur,
694 3331 810 3392 dimisso
838 3331 960 3393 consilio
981 3340 1010 3392 et
1032 3348 1146 3392 corona

143 3415 382 3478 circumstantium
411 3418 493 3480 solus
523 3418 612 3479 audiit
638 3416 843 3495 disceptantes.
889 3418 928 3477 At
957 3423 1057 3476 contra
1084 3433 1147 3476 non
1217 3455 1222 3466 -

141 3496 229 3558 modo
249 3500 278 3558 in
300 3502 482 3580 peragranda
498 3501 636 3580 Aegypto
659 3499 747 3581 paulo
769 3499 926 3562 deflectere
941 3500 978 3562 ad
992 3497 1147 3560 risenduun
