2466 3896
14 169 16 238 t
480 180 510 230 c.
533 125 716 232 cmeuun.
1036 182 1095 244 129

512 293 514 298 ,
1096 276 1099 309 l

102 331 164 392 sinc
179 332 288 410 iurgiis.
331 335 402 397 Nam
418 354 476 398 vox
497 339 692 400 comminantis
711 340 803 402 audita
824 334 939 406 est:’'H
953 335 989 426 μ’
1009 335 1098 408 ἄνοι’-

102 404 176 495 ειρ’,
198 403 298 496 ἦέγώ
318 415 369 480 σέ·
398 420 491 480 donec
512 431 665 499 exoratus,
690 433 720 483 ut
742 427 904 506 referebat,
927 440 956 490 et
976 433 1004 490 in
1026 449 1094 491 con-

101 498 261 560 tubernium
290 503 365 563 ultro
380 517 384 525 '
400 506 549 583 invitatus,
590 526 676 585 super
707 510 842 587 templum
873 512 939 572 Divi
970 514 1095 593 Augusti

101 593 190 662 ponte
206 589 390 665 transmisso,
418 588 555 650 Palatium
570 589 797 672 Capitoliumque
824 597 976 657 coniunxit.
1014 599 1096 677 Mox,
1136 594 1138 602 '

78 685 160 746 equo
183 670 303 747 propior
318 681 410 750 esset,
441 675 469 732 in
488 692 555 734 area
578 673 738 753 Capitolina
762 694 855 738 novae
876 677 976 741 domus
997 681 1095 744 iunda-

99 761 195 812 menta
217 754 295 814 iecit.

162 836 312 916 Agrippae
334 857 366 898 se
384 849 520 918 nepotem
541 861 635 921 neque
660 842 738 902 credi
760 861 853 921 neque
876 845 931 906 dici
954 846 991 906 ob
1012 849 1138 926 igno-23

100 919 236 980 bilitatem
259 925 320 983 eius
340 922 472 1002 volebat,
494 927 754 1006 suscensebatque,
783 929 807 986 si
827 930 875 1005 qui
895 929 943 989 vel
963 933 1094 993 oratione

100 1004 147 1064 vel
168 1006 291 1068 carmine
313 1009 482 1087 imaginibus
505 1028 569 1070 eum
590 1009 745 1071 (laesarum
765 1013 934 1071 insererent.
978 1013 1093 1075 Praedi-

67 1089 184 1150 rocabat
203 1101 296 1152 autem
315 1103 434 1154 matrem
454 1113 532 1156 suam
552 1113 589 1154 ex
610 1096 739 1170 incesto,
761 1093 838 1173 quod
854 1095 1001 1173 Augustus
1029 1115 1093 1158 cum

98 1173 168 1234 lulia
196 1174 254 1236 lilia
284 1177 458 1255 admisisset,
489 1188 686 1258 procreatam
715 1195 750 1238 ao
780 1194 836 1236 non
865 1188 1014 1240 contentus
1038 1181 1093 1244 lrac

92 1257 222 1336 'Augusti
244 1260 450 1339 insectatione,
475 1263 612 1323 Actiacas
636 1261 805 1340 Siculasque
826 1263 981 1340 victorias,
1004 1273 1034 1323 ut
1048 1267 1092 1325 iu-

97 1351 195 1403 nestas
215 1342 247 1403 P.
262 1346 298 1406 tt.
320 1353 349 1403 et
373 1346 570 1422 calamitosas,
599 1348 689 1406 vetuit
706 1345 893 1406 sollemnibus
913 1346 994 1406 feriis
1015 1347 1092 1408 cele·

14 1419 17 1456 l
96 1425 183 1485 brari.
228 1426 334 1488 Liviam
351 1427 510 1507 Augustam
532 1432 694 1508 proaviam,
725 1431 839 1490 Ulixem
863 1429 996 1491 stolatum
1012 1431 1091 1491 iden·
1181 1451 1184 1458 ·

62 1519 87 1560 ¹⁶
96 1509 183 1570 tidem
213 1511 380 1590 appellans,
419 1514 501 1573 etiam
529 1514 715 1589 ignobilitatis
747 1515 867 1593 quadam
896 1514 932 1575 ad
963 1524 1091 1576 senatum

95 1593 219 1670 epistula
250 1612 373 1671 arguere
405 1615 490 1657 ausus
515 1606 574 1673 est,
601 1600 682 1676 quasi
709 1607 838 1660 materno
860 1617 914 1660 avo
936 1599 1091 1661 decurione

94 1677 232 1737 Fundano
249 1688 353 1750 ortam;
379 1699 441 1740 cum
462 1680 586 1758 publicis
603 1685 791 1743 monumentis
812 1692 921 1744 certum
937 1685 989 1761 sit,
1013 1683 1090 1744 Aufi-

14 1741 18 1794 ³
95 1760 170 1821 dium
184 1761 343 1824 Lurconem
363 1765 471 1824 Romae
492 1764 649 1825 honoribus
669 1768 804 1826 iunctum.
835 1765 927 1828 Aviae
949 1765 1090 1828 Antoniae

95 1855 238 1906 secretum
253 1848 361 1926 petenti
377 1846 547 1924 denegavit,
573 1851 627 1909 nisi
642 1859 672 1909 ut
688 1851 875 1910 interveniret
888 1852 987 1912 blacro
1005 1868 1089 1930 prae-

60 1930 208 2006 suiectus,
240 1949 273 1990 ac
292 1947 345 2009 per
362 1930 444 1989 istius
464 1932 540 1991 modi
560 1933 744 2010 indignitates
765 1942 794 1993 et
817 1933 911 1994 taedia
934 1952 1020 1994 causa
1040 1952 1089 1993 ex·

93 2013 150 2074 titit
177 2015 294 2090 mortis,
323 2011 389 2074 dato
421 2022 527 2090 tamen,
560 2025 590 2075 ut
617 2017 730 2095 quidam
760 2025 872 2095 putant,
901 2026 930 2076 et
958 2033 1089 2082 veneno;

93 2115 149 2156 nec
169 2097 321 2157 deiunctae
344 2096 431 2157 ullum
459 2096 597 2158 bonorem
624 2099 738 2176 babuit,
770 2102 978 2179 prospexitque
1002 2118 1019 2158 e
1041 2100 1089 2158 tri·

14 2179 17 2216 ³
95 2181 181 2241 olinio
212 2181 361 2241 ardentem
393 2179 504 2259 rogum.
548 2181 677 2242 Fratrem
709 2182 854 2243 'liberium
884 2184 1088 2262 inopinantem,

94 2274 215 2344 repente
238 2265 364 2326 immisso
385 2265 498 2326 tribuno
527 2267 660 2343 militum,
688 2267 846 2334 interemit:
876 2267 1001 2327 Silanum
1022 2267 1088 2326 item

14 2371 16 2376 ·
59 2366 227 2410 essocerum
247 2349 283 2410 ad
304 2367 405 2409 necem
429 2349 628 2428 secandasque
650 2349 791 2411 novacula
816 2351 916 2411 iancea
937 2350 1087 2430 compulit:

94 2442 225 2493 causatus
246 2434 275 2492 in
291 2442 428 2512 utroque,
460 2433 537 2514 quod
557 2432 603 2493 bio
626 2435 788 2512 ingressum
805 2453 837 2495 se
854 2435 992 2496 turbatius
1009 2451 1088 2494 mare

91 2534 149 2576 non
163 2526 244 2576 esset
257 2526 373 2577 secutus
387 2536 422 2577 ac
437 2536 491 2596 spe
506 2518 669 2596 occupandi
689 2518 805 2596 urbem,
835 2519 860 2580 si
881 2518 949 2599 quid
965 2518 1018 2579 sibi
1034 2535 1088 2595 per

90 2608 279 2679 tempestates
302 2599 464 2677 accideret,
487 2603 685 2670 remansissem
712 2603 763 2662 ille
784 2602 937 2664 antidotum
959 2601 1086 2663 oboluis-

92 2692 152 2760 set,
181 2685 261 2764 quasi
284 2684 320 2745 ad
337 2684 543 2763 praecavenda
570 2704 682 2746 venena
707 2705 758 2746 sua
782 2695 938 2767 sumptum:
970 2702 1031 2746 cum
1057 2691 1087 2742 et
1133 2761 1143 2770 .

57 2766 205 2831 soSilanus
235 2770 428 2846 inpatientiam
457 2787 583 2829 nauseae
611 2771 731 2830 vitasset
748 2773 788 2838 let
817 2771 978 2831 molestiam
1008 2766 1128 2826 navt-1⁶

90 2847 191 2929 gandi,
222 2837 396 2928 etl'l'iberius
420 2862 542 2934 propter
558 2842 743 2922 assiduamlet
764 2855 1015 2930 ingravescentem
1029 2859 1085 2908 tus·
1097 2867 1113 2888 ··'

14 2985 20 3006 ,
91 2933 364 3012 simlmedicamento
385 2955 453 2998 usus
479 2939 584 3037 essetq
611 2935 682 2997 Nam
701 2935 847 2998 ctauttum
863 2945 994 3016 patruum
1013 2939 1114 2992 non-2
1136 2939 1147 2972 ἱ

89 3020 144 3079 uisi
162 3020 191 3080 in
208 3019 357 3081 ludibrium
370 3023 541 3082 reservavit.
1129 3065 1133 3073 .

153 3103 223 3165 Cum
244 3105 373 3165 omnibus
396 3104 546 3166 sororibus
565 3107 623 3165 suis
646 3104 879 3165 consuetudinem
896 3101 987 3181 stupri
1002 3099 1127 3176 locitas

55 3207 79 3250 ss
90 3185 235 3268 plenoque
272 3190 406 3250 convivio
432 3190 559 3268 singulas
587 3190 660 3249 inira
689 3207 722 3248 se
750 3188 875 3249 vicissim
902 3184 1082 3260 conlocabat,

89 3288 181 3334 uxore
211 3292 296 3354 supra
327 3273 457 3334 cubante.
501 3273 548 3333 Ex
577 3275 612 3332 iis
631 3272 784 3332 Drusillam
807 3273 922 3332 vitiasse
943 3269 1082 3346 virginem

14 3403 16 3422 ι
88 3366 287 3434 praetextatus
316 3357 407 3418 adhuc
438 3356 565 3417 creditur
587 3366 672 3436 atque
696 3357 780 3417 etiam
801 3357 829 3415 in
849 3355 1001 3416 concubitu
1021 3353 1083 3412 eius

87 3441 230 3518 quondam
253 3440 451 3520 deprehensus
482 3440 517 3501 ab
540 3439 664 3501 Antonia
692 3441 772 3519 avia,
801 3439 876 3519 apud
898 3456 980 3584 qqam
1001 3435 1081 3496 simul

139 3545 293 3586 smouttts.
