2468 3912
100 249 138 307 14
181 257 212 305 c.
228 256 379 306 semrom
397 255 524 315 annno.
541 256 588 302 Du
604 256 685 302 vrrs
701 253 884 302 eduensem
899 256 969 303 ure.
986 255 1010 303 1.

98 413 198 494 populi
209 412 397 488 adimeretur,
413 420 460 472 aut
471 384 503 471 ut
516 413 607 471 ceteri
622 428 737 491 quoque
754 411 944 489 imperatores
959 410 994 469 ab
1011 428 1095 470 exer·

98 497 201 558 citibus
214 495 412 565 discederent;
430 496 569 574 conlisus,
585 504 615 556 ut
631 503 743 575 putant,
759 495 872 555 facilius
887 512 936 570 se,
956 495 1037 554 simul
1054 500 1093 554 at·

97 600 153 662 que
174 582 321 657 libuisset,
339 588 495 640 veteranos
513 589 736 641 convocaturum
757 596 840 658 quam
856 577 1023 658 Pompeium
1043 595 1093 637 no·
1209 611 1220 650 ,

96 682 150 726 vos
173 667 286 727 milites.
331 663 402 724 (ium
428 663 602 725 adversariis
625 672 719 724 autem
746 663 873 743 pepigit,
899 672 945 739 ut,
969 663 1094 722 dimissis

97 760 164 811 octo
180 749 344 828 legionibus
359 748 607 829 Transalpinaque
629 748 736 823 Gallia,
754 744 827 808 duae
845 749 901 806 sibi
916 747 1050 824 legiones
1066 753 1117 806 ete

98 834 245 912 Cisalpina
261 834 426 912 provincia,
448 833 497 892 vel
512 834 597 893 etiarn
612 850 667 892 una
681 832 761 908 legio
777 850 840 892 cum
855 830 973 906 illyrico
989 847 1094 890 eonce-

55 919 231 994 soderetur,
256 917 350 996 quoad
371 917 471 976 consul
494 917 586 977 lieret.
630 918 737 977 Verum
763 932 858 995 nequa
884 924 985 975 senatu
1007 916 1093 974 iuter·

97 1003 231 1062 veniente
250 1010 279 1060 et
297 1001 471 1061 adversariis
492 1000 680 1078 negantibus,
703 999 789 1060 ullam
810 1018 843 1059 se
864 998 900 1059 de
924 1017 956 1058 re
977 997 1094 1078 publica
1190 1035 1208 1067 .

96 1087 226 1147 facturos
242 1086 420 1164 pactionem,
444 1086 555 1145 transiit
574 1086 602 1143 in
624 1085 788 1144 citeriorem
809 1082 949 1160 Galliam,
968 1100 1092 1143 conven-

96 1171 230 1249 tibusque
253 1169 379 1248 peractis
392 1170 548 1229 Ravennae
570 1168 711 1244 substitit,
732 1168 812 1227 bello
834 1167 1045 1244 vindicaturus,
1069 1166 1129 1228 sito
1232 1182 1234 1193 ⁴

97 1255 164 1334 quid
184 1253 220 1313 de
236 1253 355 1313 tribunis
372 1251 467 1332 plebis
487 1251 732 1313 intercedentibus
750 1268 804 1331 pro
822 1270 855 1311 se
877 1253 995 1329 gravius
1013 1269 1029 1312 a
1046 1268 1092 1310 se·

96 1348 162 1400 natu
181 1339 361 1398 constitutum
380 1346 467 1396 esset.

158 1421 196 1482 Et
222 1430 402 1502 praetextum
425 1421 538 1500 quidem
562 1420 604 1480 illi
629 1420 754 1481 civilium
777 1437 919 1479 armorum
945 1418 1002 1479 hoe
1023 1419 1092 1487 tute
1190 1445 1211 1486 a

97 1525 200 1567 causas
222 1515 316 1566 autem
336 1505 408 1565 alias
427 1505 517 1565 luisse
535 1505 695 1583 opinantur.
740 1503 855 1565 Gnaeus
876 1504 1030 1583 Pompeius
1054 1504 1093 1563 ita
1232 1570 1234 1591 r

96 1588 259 1666 dictitabat,
280 1588 357 1668 quod
380 1606 475 1667 nequa
498 1607 588 1668 opera
612 1606 809 1648 consummare
830 1605 903 1667 quae
921 1589 1129 1663 institueramus

96 1692 191 1753 neque
207 1674 307 1752 populi
322 1675 571 1754 expectationem,
597 1672 734 1751 quamde
756 1671 880 1734 adventu
898 1689 951 1732 suo
970 1673 1091 1746 fecerat,

97 1758 216 1838 privatis
229 1756 333 1836 opibus
348 1757 470 1835 explere
486 1765 603 1836 posset,
620 1756 735 1816 turbare
752 1757 845 1816 omnia
861 1775 896 1817 ac
915 1758 1092 1835 permiscere

96 1843 234 1903 voluisse.
279 1840 337 1901 Alii
354 1843 481 1901 timuisse
497 1841 607 1916 dicunt,
624 1859 660 1900 ne
683 1857 800 1918 eorum,
823 1858 896 1918 quae
915 1842 1006 1919 primo
1025 1856 1092 1900 con·

96 1927 189 1987 sulatu
201 1925 341 1985 adversus
352 1927 480 2004 auspicia
496 1925 638 2004 legesque
654 1933 683 1984 et
699 1925 923 1985 intercessiones
938 1926 1091 2002 gessisset,

95 2013 235 2071 rationem
249 2009 372 2070 reddere
389 2019 557 2088 cogeretur;
576 2028 638 2069 eum
649 2009 687 2070 bt.
701 2007 773 2069 Cato
789 2009 942 2069 identidem
961 2028 1015 2069 nec
1031 2008 1129 2068 sinam

96 2097 157 2155 iure
174 2094 292 2155 iurando
308 2093 501 2170 denuntiaret,
523 2092 680 2152 delaturum
698 2111 731 2153 se
752 2111 856 2153 nomen
875 2095 937 2153 eius
959 2092 1040 2152 simul
1058 2109 1093 2150 ac

97 2181 216 2259 primurn
235 2179 393 2238 exercitum
412 2177 579 2247 dimisisset;
605 2196 726 2256 cumque
742 2177 832 2255 uulgo
855 2177 920 2238 lore
943 2175 1092 2255 praediea·

96 2273 176 2340 rent,
201 2272 230 2322 ut
248 2264 273 2322 si
294 2263 421 2341 privatus
437 2262 574 2339 redisset,
591 2261 709 2322 Milonis
728 2261 863 2340 exemplo
881 2259 1093 2339 circumpositis
1172 2271 1233 2342 χ

97 2348 213 2408 armatis
234 2363 348 2408 causam
369 2346 444 2424 apud
461 2346 570 2406 iudices
591 2345 710 2405 diceret.
754 2343 839 2421 Quod
858 2345 1036 2426 probabilius
1050 2343 1092 2403 ia-

98 2432 136 2492 cit
158 2430 275 2490 Asinius
302 2430 413 2506 Pollio,
442 2429 606 2490 Pharsalica
633 2431 696 2489 acie
725 2447 830 2490 caesos
860 2431 1129 2509 profligatosquoss

97 2514 280 2576 adversarios
304 2515 530 2594 prospicientem
550 2514 623 2574 haec
642 2532 706 2572 eum
728 2513 763 2573 ad
786 2512 905 2573 verbum
922 2514 1031 2574 dixisse
1046 2529 1092 2571 rc·

96 2599 209 2660 lenens:
228 2596 296 2660 Hoc
314 2599 494 2669 noioeane·
516 2598 610 2658 tontis
629 2597 724 2658 rebus
744 2599 840 2678 pestis
854 2599 953 2659 Gaius
971 2596 1094 2658 Caesar

97 2681 316 2745 condemnatus
333 2700 445 2758 essem,
467 2682 529 2742 nisi
548 2681 588 2742 ub
610 2683 746 2742 cumcito
769 2683 919 2744 auxilium
936 2682 1091 2761 petissem.

97 2768 217 2844 Quidam
245 2775 343 2847 putant
370 2774 484 2846 captum
509 2767 623 2845 irnperii
650 2766 856 2828 consuetudine
884 2768 1093 2846 pensitatisque

97 2854 200 2912 suiset
217 2852 395 2911 inimicorum
409 2848 533 2927 viribus,
554 2869 635 2910 usum
655 2851 812 2911 occasione
832 2851 988 2930 rapiendae
1004 2851 1129 2912 domi-eo

96 2939 232 3014 nationis,
255 2953 338 3015 quam
356 2944 451 2997 aetate
467 2936 557 3014 prima
574 2937 768 3015 concupisset.
813 2936 897 3012 Quod
912 2936 1093 2996 existimasse
1193 2973 1233 2999 rr

95 3021 246 3081 videbatur
263 3028 292 3082 et
306 3018 426 3097 Cicero,
451 3019 582 3079 scribens
597 3019 633 3079 de
649 3019 759 3080 Oilieiis
776 3021 862 3081 tertio
884 3019 958 3081 libro
977 3036 1094 3098 semper
1166 3033 1170 3040 ·
1232 3065 1233 3092 ,

98 3102 139 3164 Ga
159 3123 252 3165 sarem
278 3105 306 3163 in
337 3121 388 3164 ore
414 3103 550 3164 babuisse
575 3105 632 3182 [est
656 3105 683 3162 in
705 3103 886 3165 Phoenissis:
915 3107 1006 3184 εἰπερ
1028 3093 1093 3202 pulo

96 3124 224 3259 dddutstv
237 3181 316 3267 χρή,
333 3185 537 3268 τυραννίδος·
547 3183 622 3266 πέρι
635 3178 813 3250 κάλλιστον
830 3178 989 3270 ἀδίκημα·
1007 3207 1047 3248 τα
1061 3175 1095 3248 d'

97 3263 182 3332 aitte
196 3261 346 3350 εὐσεβεῖν
360 3264 478 3354 χρεών]
496 3271 641 3350 Euripidis
657 3290 774 3350 versus,
792 3291 865 3352 quos
883 3274 926 3333 sic
943 3275 1008 3353 ipse
1025 3288 1129 3332 com-at
1148 3273 1191 3334 αξ

97 3357 198 3417 vertit·
954 3358 1002 3374 ”“

1200 1797 1227 1846 “x

252 3441 322 3496 Nam
343 3446 369 3498 si
387 3446 541 3501 molendum
562 3447 676 3514 estius,
694 3447 936 3519 requendt'grctia

256 3523 415 3583 Violandum
435 3535 486 3585 est:
507 3530 567 3584 aliis
586 3529 667 3584 rebus
681 3537 810 3601 proteum
831 3531 915 3588 colos.
1021 3591 1096 3674 w
1209 3500 1232 3586 d
