2392 3926
141 228 203 290 276
419 238 449 286 c
472 236 635 284 SUETONH
658 234 870 292 TRANQUILM

141 382 185 457 ἂν
202 413 265 456 ουν
280 414 301 472 η
291 382 534 485 ’πλάστιγξ
494 410 534 472 τη
548 409 639 488 φορᾳ
625 384 833 486 κατέρρεψε
846 383 907 448 τού
923 391 1031 450 οίνου

141 466 246 542 καλ
213 496 272 538 τον
285 471 397 572 μανάν
412 473 457 545 είς
471 462 657 554 κεφαλήν”
635 484 736 570 ηχησε
750 479 964 565 κεκρουκυῖα,

141 548 348 660 ὁκωμαστής
359 565 613 660 συγκωμασταῖς
626 549 794 618 ἐδόκει
748 575 815 616 των
809 555 1015 658 γενναίων·

142 645 173 706 εί
187 633 218 705 δ’
234 633 292 740 06,
307 630 416 704 πολύν
431 627 656 744 ἑλάμβανεν’
633 659 676 710 ως
691 628 839 719 ἀσθενής
853 629 911 700 τὸν
927 633 1058 718 γέλων.

138 717 191 790 Ἐκ
204 690 332 788 τούτων
349 717 445 806 ὕβρις
459 719 615 824 σύμπασα
629 718 684 786 καὶ
698 722 787 784 πάσα
801 722 948 804 φλυαρία

141 807 270 912 λέγεται
283 799 589 910 κροπηλακισμός“
567 830 634 889 αμα
651 802 706 869 καλ
720 807 894 887 παροινία,

141 888 266 976 λατάγη
281 889 318 958 δὲ
333 889 389 957 καὶ
409 887 569 973 κότταβος
591 886 647 954 καὶ
667 887 882 971 ἑωλοκρασία
926 890 1077 953 loannes

405 978 527 1040 Τταῖτω
540 977 740 1039 historiarum
749 992 914 1036 vanarum
926 984 956 1048 6
970 982 1147 1038 874-896,

195 1045 284 1117 Οδε
297 1075 338 1117 τα
326 1046 443 1159 περὶ
462 1045 700 1156 Ἑλληνικῆς
715 1053 884 1127 παιδιᾶς
903 1047 1056 1136 γράψας,
1076 1057 1149 1121 δια-

138 1131 250 1240 φοράν
270 1134 325 1201 καὶ
340 1159 439 1212 αυτος
462 1131 556 1213 εἰδώς
571 1132 687 1239 κύβων
707 1132 762 1200 καὶ
776 1137 909 1199 πεσσῶν
922 1133 978 1200 καὶ
999 1142 1161 1208 walam-1

137 1218 239 1328 τάτην
259 1213 361 1285 είπων
380 1215 442 1305 τήν
463 1213 669 1322 κνβευτικήν
686 1214 839 1321 παιδιάν,
868 1214 1012 1324 παράγει
1028 1227 1149 1326 Σοφο-

137 1305 256 1380 κλέους
256 1299 331 1405 μὲν
346 1305 382 1369 ἐκ
395 1297 669 1390 Παλαμήδους,“
654 1299 883 1391 ομωνύμου
852 1323 897 1367 τω
912 1325 997 1388 ηρωι
1016 1304 1149 1391 δράμα-

138 1413 210 1472 τος,
227 1384 279 1453 τό·
304 1387 430 1465 ἐκεῖνος
444 1389 565 1492 ἐφεῦρε
1175 1412 1177 1468 ι

289 1467 433 1548 πεσσούς
447 1470 573 1576 κύβους
588 1495 623 1537 τε
631 1464 800 1574 ,τερπνὸν
813 1462 962 1556 άργίας”
942 1496 1043 1548 ακος
1177 1486 1178 1524 λ

137 1555 192 1621 καὶ
204 1549 426 1659 Εὐφορίωνος
440 1554 493 1621 τό·
516 1550 622 1622 πεσσά
631 1522 877 1658 Ναυπλιάδαο.
913 1555 1015 1638 Λέγει
1040 1555 1080 1622 δέ
1097 1557 1179 1624 καὶιτ

137 1641 174 1704 ἐν
199 1635 261 1723 μὲν
282 1631 367 1703 Ἰλίω
395 1642 594 1705 δείκνυσθαι
618 1643 735 1741 λίθον,
758 1631 813 1721 ἐφ’
836 1625 877 1704 06
906 1639 1099 1706 ἐκέσσευον
1120 1636 1180 1707 οί

133 1717 267 1822 Ἀχαιοί,
244 1721 320 1786 ίέν
335 1702 395 1787 δὲ”
357 1719 536 1826 Λργει
503 1748 563 1790 τον
577 1720 760 1808 λεγόμενον
766 1719 994 1824 Παλαμήδους
1006 1723 1150 1794 πεσσύν.

137 1800 232 1871 καὶ”
214 1828 265 1872 οτι
287 1803 434 1872 Πλάτων
454 1801 515 1889 τήν
540 1809 607 1874 των
626 1809 759 1873 πεσσῶν
786 1801 920 1908 εὕρεσιν
944 1811 1153 1914 Αἰγυπτίοις

137 1883 1180 2084 666663626622666626536
1183 1936 1184 1944 ‘

138 2065 185 2126 ἔτι
208 2057 245 2126 δε
266 2063 419 2124 πεττείαν
437 2085 473 2124 τε
493 2058 549 2124 καὶ
569 2065 726 2162 κυβείαν,
748 2058 804 2125 καὶ
821 2054 861 2143 δή
886 2057 941 2124 καὶ
977 2055 1151 2166 ράμματα.

138 2144 194 2210 καὶ
216 2139 266 2211 ὅτι
288 2145 324 2208 οἱ
340 2145 402 2209 τού
420 2140 604 2218 Πλάτωνος
618 2110 923 2246 ύπομύηματισταὶ
928 2084 977 2209 06
984 2138 1052 2227 τήν
1067 2141 1151 2248 παρ’

129 2221 278 2330 Ἕλλησι·
280 2232 433 2293 πεττείαν
448 2229 664 2312 σημανθῆναί
670 2244 754 2336 φασι
768 2220 834 2293 ύπο
823 2220 1045 2332 Πλάτωνος,
1064 2223 1153 2294 άλλά

137 2306 198 2396 τήν
213 2335 273 2377 του
259 2312 322 2377 λε
345 2313 469 2397 σμένον
483 2315 731 2395 πεττευτηρίου,
747 2307 1024 2415 καταγράφεσθαι
1038 2309 1108 2414 γάρ
1122 2337 1154 2377 τι

139 2399 299 2460 πλινθίον
314 2337 423 2499 άσπερ
439 2397 531 2461 έν
491 2421 530 2479 τη
546 2418 739 2482 πεττευτικη
726 2399 869 2462 παιδιά
906 2389 948 2461 δι’
966 2383 1007 2460 06
1031 2391 1077 2462 τά
1097 2422 1182 2462 ιιι-ν

138 2475 268 2580 νήματα
283 2503 343 2544 τον
330 2474 456 2582 ήλίου
471 2461 579 2545 καλ
539 2503 596 2563 της
611 2422 768 2582 σελήνης,
791 2483 839 2546 ἔτι
852 2445 890 2546 δδ
908 2471 1014 2545 καὶ
977 2502 1018 2543 τα
1037 2479 1153 2546 ἐλλει-

139 2556 589 2729 λλλιλιλλλλλῖιλ
569 2557 1152 2713 λλλλλλλπλλλλελλλλλ

139 2726 222 2798 ὅθεν
236 2727 291 2796 καὶ
257 2670 520 2890 ,παρλιφία
473 2729 526 2798 ἐπὶ
537 2671 603 2796 1636
614 2727 719 2835 μηδὲν
732 2671 788 2796 διὰ
775 2672 903 2834 μέσύν
919 2727 1152 2797 κινδυνευόν-

138 2839 206 2880 των
227 2810 281 2880 τό·
314 2838 426 2921 ητρς
446 2806 520 2894 ἓξ’“
499 2841 520 2900 η
541 2829 628 2919 τρεῖς
647 2807 830 2900 κύβους,’
811 2809 876 2880 απὸ
898 2815 960 2881 τοῦ
970 2818 1183 2919 μεγίστουῖῡ

138 2898 194 2964 καὶ
210 2898 384 3002 ἐλαχίστου
398 2893 557 3004 ἀριθμοῦ,
573 2888 613 3005 63
626 2898 787 2984 μέμνηται
801 2896 977 2966 Πλάτων’
961 2922 999 2964 εν
1013 2894 1154 3002 Νόμοις

140 2978 257 3049 είπύν·
280 2975 302 3090 6
316 2995 410 3088 τρεῖς
418 2980 543 3068 κύβους
556 2981 753 3066 βάλλοντες,
768 2983 919 3050 τουτέστι
932 2995 1020 3086 τρεῖς
1035 2981 1154 3088 μονά-

141 3069 210 3144 δας
246 3064 354 3170 κύβον
368 3064 431 3172 γάρ
446 3085 530 3151 φασι
543 3067 640 3152 διγως
653 3070 784 3150 ἔλεγον,
815 3063 897 3135 αύτό
918 3092 954 3134 τε
974 3060 1012 3134 τὸ
1035 3060 1154 3152 ἄναρ-

140 3147 393 3257 ριπτούμενον,
401 3149 484 3218 ὅθεν
501 3155 660 3235 παροιμία
678 3145 815 3253 τραγική
828 3149 881 3217 τό·

290 3228 341 3299 άεὶ
355 3230 417 3339 γάρ
435 3261 473 3300 ευ
460 3223 667 3300 ςπίπτουσιν
681 3236 716 3300 οἱ
725 3229 807 3312 Διὸς
821 3233 936 3336 κύβοι·
1160 3257 1181 3296 ,ο

142 3311 197 3375 καὶ
219 3308 280 3395 τὴν
301 3317 337 3378 έν
360 3313 450 3404 αύτῷ
470 3314 617 3414 μονάδα.
649 3311 733 3382 ὅθεν
755 3312 915 3419 λυθείη”
893 3341 935 3381 αν
943 3335 1074 3401 ,φησι,
1091 3315 1151 3381 καὶ

142 3387 180 3456 τὸ
206 3391 405 3475 ζητούμενον
427 3384 535 3486 ἐντῷ
562 3393 651 3481 παρά
669 3393 929 3502 Ἀριστοφάνους
956 3401 1152 3485 κωμῳδου-

144 3472 232 3558 μένφ
250 3478 363 3560 στίχφ·
