2466 3896
483 227 513 274 c.
537 225 723 276 cannense,
1045 214 1104 273 145

9 379 10 412 ³
106 383 174 444 item
188 383 298 442 Romae
314 381 388 442 cella
404 381 525 443 Palatini
545 382 686 441 atriensis.
722 380 785 440 Nec
799 380 951 440 defuerunt
972 381 1020 459 qui
1037 398 1103 441 con-

19 475 53 524 ιι
106 467 263 543 iectarent,
297 466 389 526 altero
417 474 532 526 ostento
564 464 723 544 periculum
758 461 966 524 acustodibus'
990 463 1103 526 domino

106 548 258 631 portendi,
291 550 383 610 altero
401 550 518 610 caedem
532 568 631 608 rursus
646 550 803 626 insignem,
832 548 924 628 qualis
940 549 1043 610 eodem
1058 549 1104 610 die

105 636 183 695 iacta
201 633 342 713 quondam
362 635 473 694 luisset.
519 633 687 695 consulenti
708 651 823 713 quoque
844 633 880 693 de
900 636 1032 710 genitura
1054 652 1104 694 sua

9 713 42 788 li.
82 718 186 779 ⁶Sulla
206 717 422 779 mathematicus
445 720 631 779 certissimam
654 736 756 777 necem
774 719 1010 796 appropinquare
1027 718 1103 778 ailir·

17 813 43 843 ι·
104 805 200 862 mavit.
232 802 404 864 Monuerunt
422 812 451 863 et
463 802 609 863 Fortunae
624 801 798 878 Antiatinae,
816 809 846 860 ut
863 819 879 860 a
900 799 1001 863 (laesio
1019 821 1103 862 eave·

104 896 163 956 ret;
193 903 248 964 qua
274 905 360 948 causa
385 886 435 947 ille
461 885 590 948 Cassium
610 886 768 964 Longinum
788 884 879 945 Asiae
902 893 958 944 tum
979 903 1103 963 procon-

9 1021 24 1057 Ι
54 977 57 986 ’
105 971 194 1032 sulem
222 971 408 1032 occidendum
439 971 641 1050 delegaverat,
673 973 820 1030 immemor
847 966 1007 1029 Chaeream
1035 969 1103 1030 Cas·

9 1053 11 1074 ¹
42 1086 47 1095 ·
105 1057 176 1117 sium
196 1057 345 1131 nominari.
389 1055 484 1116 Pridie
505 1075 587 1135 quam
609 1057 719 1134 periret
747 1055 912 1130 somniavit,
943 1054 1103 1113 consistere

17 1141 50 1188 iz
69 1156 136 1200 rose
160 1141 189 1199 in
210 1138 294 1202 caelo
314 1140 392 1200 iuxta
419 1140 521 1200 solium
540 1140 634 1217 lovis,
664 1139 873 1217 impulsumque
892 1136 927 1195 ab
952 1154 987 1196 eo
1010 1138 1103 1197 dextri

22 1268 23 1272 ,
102 1222 186 1303 pedis
203 1224 312 1303 pollice
336 1224 407 1284 etin
426 1232 518 1284 terras
542 1224 770 1303 praecipitatum.
815 1220 1015 1298 Prodigiorum
1035 1221 1102 1282 loeo

18 1375 19 1380 Ι
40 1321 51 1339 ἰ
103 1308 198 1368 habita
215 1317 280 1369 sunt
293 1311 393 1385 etiam,
424 1325 498 1386 quae
514 1309 592 1368 lbrte
613 1309 663 1368 illo
682 1309 746 1386 ipso
763 1306 809 1366 die
826 1305 913 1385 paulo
932 1306 1011 1384 prius
1028 1306 1102 1366 acci-

104 1392 214 1453 derant.
260 1393 433 1453 sacrificans
455 1410 608 1471 respersus
635 1399 679 1451 est
700 1391 922 1470 phoenicopteri
948 1391 1101 1467 sanguiue;

30 1483 60 1539 'i
103 1485 133 1536 et
149 1477 339 1554 pantomimus
351 1475 479 1537 Mnester
493 1476 673 1555 tragoediam
689 1475 818 1552 saltarit,
841 1492 924 1554 quam
939 1474 1006 1534 olim
1025 1473 1102 1534 Neo·
1194 1495 1197 1499 ·

9 1563 31 1595 ἰ’
42 1569 55 1602 ³
68 1559 249 1641 reptolemus
264 1559 422 1637 tragoedus
444 1559 535 1638 ludis,
559 1561 662 1640 quibus
676 1578 730 1620 ren
748 1559 936 1621 Macedonum
953 1558 1103 1637 Philippus

26 1667 29 1678 ·
56 1669 63 1680 ·
48 1645 218 1709 occisus
247 1651 307 1720 est,
337 1653 453 1721 egerat;
487 1654 604 1705 etcum
631 1646 665 1704 in*
683 1644 825 1706 Laureolo
854 1645 954 1720 mimo,
992 1645 1102 1722 inquo

48 1736 185 1789 actor
200 1729 366 1806 proripiens
390 1747 422 1789 se
448 1731 529 1791 ruina
554 1731 720 1809 sanguinem
745 1729 851 1806 vomit,
880 1726 979 1806 plures
1000 1745 1102 1788 secun·

43 1812 200 1873 darum
230 1813 359 1872 certatim
389 1816 616 1892 experimentum
644 1815 713 1874 artis
741 1814 857 1888 darent,
886 1829 990 1872 cruore
1016 1829 1103 1872 scena

102 1895 266 1956 abundarit.
310 1895 468 1956 Parabatur
484 1900 542 1957 et
533 1917 561 1957 ιιι
577 1907 692 1958 noctem
709 1895 921 1976 spectaculum,
943 1913 1000 1974 quo
1018 1914 1102 1972 argu-

22 1995 91 2044 ao
101 1989 196 2040 menta
214 1979 371 2039 inferorum
391 1997 443 2058 per
458 1980 624 2060 Aegyptios
648 1991 677 2041 et
697 1979 859 2058 Aethiopas
877 1979 1100 2058 explicarentur.

24 2075 59 2130 e
100 2062 193 2125 Vllll.
213 2061 260 2123 lll.
282 2062 369 2123 Febr.
389 2062 460 2124 hora
476 2065 539 2124 iere
560 2068 698 2145 septima,
732 2072 880 2124 cunctatus
905 2080 939 2122 au
961 2064 996 2123 ad
1017 2075 1144 2141 pran-5a

24 2159 29 2192 ²
61 2163 68 2174 ·
101 2150 177 2208 dium
194 2156 329 2226 surgeret
347 2158 493 2209 marcente
509 2148 601 2210 adhuc
616 2146 766 2210 stomacho
782 2146 903 2226 pridiani
926 2147 984 2206 eibi
999 2164 1099 2222 onere,

51 2232 214 2293 tandem
237 2230 422 2292 suadentibus
449 2235 548 2296 amicis
576 2251 715 2312 egressus
746 2240 800 2292 est.
846 2228 946 2291 (lum
938 2249 966 2290 nn
988 2239 1100 2308 crypta,

46 2323 156 2396 per
169 2335 253 2417 quam
269 2316 471 2377 transeundum
487 2327 564 2394 erat,
593 2336 676 2396 pueri
669 2316 806 2377 nobiles
821 2335 859 2376 ex
875 2314 945 2376 asia
961 2315 997 2376 ad
1015 2315 1101 2375 eden-

44 2397 91 2458 ιιι
102 2400 177 2462 das
168 2420 197 2460 ιιι
221 2418 327 2460 scaena
342 2418 449 2479 operas
465 2403 581 2463 evocati
597 2409 857 2481 praepararentur,
887 2407 917 2459 ut
940 2417 992 2461 eos
1013 2400 1101 2478 inspi-

16 2492 66 2540 εἰ
102 2494 182 2545 ceret
196 2484 415 2564 hortareturque
431 2486 546 2563 restitit,
565 2504 601 2547 ac
615 2487 669 2546 nisi
686 2487 822 2566 princeps
836 2485 938 2563 gregis
951 2485 1052 2564 algere
1068 2502 1100 2544 se

23 2570 66 2613 ΔΗ
101 2569 227 2644 diceret,
258 2566 355 2627 redire
376 2587 411 2628 ac
430 2580 652 2649 repraesentare
680 2570 876 2650 spectaculum
902 2570 1001 2631 voluit.
1043 2567 1099 2629 Du·

101 2653 171 2732 plex
186 2651 290 2712 dehinc
310 2652 384 2712 fama
407 2662 466 2714 est:
481 2654 529 2714 alii
549 2654 662 2715 tradunt
678 2654 843 2734 adloquenti
859 2673 966 2734 pucros
984 2672 999 2714 a
1014 2663 1099 2730 tergo

19 2751 43 2803 :²
58 2753 62 2767 ’
101 2735 260 2797 Chaeream
277 2738 422 2795 cervicem
437 2736 534 2814 gladio
549 2740 655 2800 caesim
669 2740 798 2816 graviter
810 2740 1003 2817 percussisse,
1016 2755 1107 2816 prae--

10 2847 15 2856 ·
43 2821 187 2882 'comissa
203 2837 295 2880 voce:
320 2818 390 2881 Hoc
404 2822 481 2900 cpe!
504 2821 609 2883 dehinc
622 2822 787 2884 Cornelium
802 2823 951 2900 Sabinum,
979 2822 1099 2882 alterum

16 2928 21 2941 ·
50 2909 65 2962 ἰ
100 2923 116 2965 e
145 2905 316 2981 coniuratis,
345 2903 486 2966 tribunum
512 2925 550 2966 ex
576 2907 700 2968 adverso
727 2908 878 2967 traiecisse
903 2916 1020 2987 pectus;
1052 2905 1098 2966 alii

14 2997 34 3027 ἰ
46 2997 61 3037 7
99 2987 250 3065 Sabinum,
279 2999 418 3049 summota
433 3007 487 3068 per
505 2993 641 3051 conscios
659 2993 843 3052 centuriones
860 2991 957 3067 turba,
987 2991 1098 3067 signum

19 3085 76 3133 ··.'
97 3090 179 3132 more
199 3071 317 3133 militiae
340 3074 466 3150 petisse,
497 3085 526 3134 et
547 3074 616 3136 Gaio
636 3074 735 3136 lovem
760 3074 844 3135 dante
869 3073 1026 3135 Chaeream
1049 3090 1098 3133 ex·

30 3157 255 3218 ·clamassc:
277 3152 395 3232 Accipe
407 3160 527 3218 romare!
544 3160 766 3239 respicientique
783 3157 927 3218 maxillam
942 3158 998 3216 ictu
1014 3155 1097 3217 disci·

17 3239 186 3302 «caedisse.
230 3240 377 3300 lacentem
405 3245 619 3344 contractisque
634 3242 769 3303 membris
792 3242 983 3303 clamitantem
1004 3259 1039 3301 se
1053 3241 1096 3301 ei·

83 3341 171 3386 vere
199 3323 289 3408 ceteri
318 3322 484 3386 vulneribus
512 3328 628 3404 triginta
658 3326 859 3397 coniecerunt:
895 3343 959 3387 nam
986 3326 1096 3404 signum

54 3419 161 3472 3erat
181 3401 319 3470 omnium:
351 3407 486 3486 Repete!
517 3411 638 3486 Quidam
660 3413 743 3472 etiarn
765 3429 818 3490 per
841 3409 967 3471 obscena
990 3409 1097 3470 ierrum

20 3421 268 3572 ἵΜιᾱιςιιιιιιι
313 3489 359 3550 Ad
379 3494 500 3570 primum
521 3496 666 3557 tumultum
682 3496 811 3557 lecticari
829 3514 891 3555 cum
908 3494 1077 3556 asseribus
1068 3513 1097 3552 rn

51 3593 78 3620 ἰ
148 3597 304 3639 susroruos.
896 3583 933 3642 lo
