2468 3912
439 197 543 268 ornus
562 197 751 248 nonnarum
1049 188 1091 251 79

5 389 7 438 g
93 356 172 435 Apin
187 353 360 434 supersedit,
377 353 430 413 sed
446 362 475 413 et
490 352 588 414 Gaium
603 363 748 433 nepotem,
764 355 842 434 quod
856 355 990 416 Iudaeam
1007 371 1090 434 prae·

5 439 6 462 ³
93 439 251 499 terrehens
270 437 345 518 apud
359 437 564 512 Hierosolyma
585 453 643 497 non
663 439 872 518 supplicasset,
898 437 1089 501 conlaudavit.

156 522 193 583 Et
205 524 338 601 quonium
349 521 385 581 ad
396 521 470 581 haec
483 530 595 580 ventum
603 530 657 598 est,
669 539 727 582 non
737 521 772 583 ab
785 543 818 584 re
829 524 915 585 luerit
926 523 1091 601 subtexere,
1099 543 1132 600 94

95 625 171 686 quae
187 608 213 666 ei
233 608 314 686 prius
329 623 412 684 quam
425 613 594 666 nasceretur
610 615 639 665 et
656 607 721 685 ipso
736 608 823 668 natali
838 609 885 669 die
900 627 934 669 ac
951 607 1091 687 deinceps

75 691 263 767 revenerint,
281 689 385 769 quibus
399 690 493 750 futura
508 690 672 766 magnitudo
689 690 751 749 eius
768 700 797 751 et
810 702 951 772 perpetua
965 692 1091 752 felicitas

95 776 209 855 sperari
223 774 468 853 animadvertique
484 782 595 854 posset.

156 859 275 920 Velitris
296 859 450 938 antiquitus
470 867 546 919 tacta
562 858 598 918 de
614 857 697 919 caelo
713 868 796 938 parte
809 861 898 937 muri,
918 878 1092 940 responsum

5 949 6 960 *
95 952 140 1004 est
162 944 224 1003 eius
239 942 339 1023 oppidi
356 943 449 1003 civem
465 941 638 1022 quandoque
652 960 748 1002 rerum
762 944 931 1021 potiturum
951 962 1006 1023 qua
1022 944 1092 1005 fidn-

95 1027 140 1088 cia
155 1027 297 1088 Veliterni
318 1036 347 1087 et
369 1036 438 1086 tuno
456 1029 548 1087 statim
568 1037 596 1087 et
617 1036 719 1106 postea
737 1028 853 1107 saepius
867 1045 961 1107 paene
976 1029 1012 1088 ad
1033 1030 1092 1088 exi·

56 1113 163 1172 notium
184 1112 228 1172 sni
249 1129 313 1172 cum
332 1110 443 1190 populo
458 1112 495 1171 ll.
512 1110 772 1188 belligeravcrant;
794 1129 861 1171 sero
875 1111 989 1172 tandem
1005 1111 1092 1172 docu-

93 1197 196 1256 mentis
218 1197 366 1276 apparuit,
393 1203 536 1255 ostentum
556 1194 626 1255 illud
646 1194 770 1272 Augusti
792 1197 949 1274 potentiam
975 1205 1092 1272 porten-

94 1279 180 1340 disse.

154 1365 265 1423 Auctor
281 1371 326 1421 est
341 1361 429 1422 lulius
443 1361 599 1440 blarathus,
614 1371 680 1422 ante
694 1381 805 1442 paucos
821 1381 905 1442 quam
923 1370 1092 1424 nasceretur

92 1465 209 1508 menses
225 1445 388 1525 prodigium
402 1447 511 1507 Romae
526 1446 631 1507 iactum
647 1446 775 1526 publice,
791 1465 848 1527 quo
864 1446 1091 1525 denuntiabatur,

55 1553 84 1594 rs
92 1549 196 1608 regem
209 1529 240 1591 Ρ.
253 1531 288 1590 R.
302 1539 429 1590 naturam
441 1531 599 1610 parturire;
612 1542 741 1593 senatum
753 1535 920 1593 exterritum
933 1533 1092 1608 censuisse,

93 1634 132 1675 ne
151 1615 215 1693 quis
231 1614 281 1674 illo
298 1632 372 1676 anno
391 1616 506 1692 genitus
520 1614 707 1687 educaretur;
735 1635 788 1678 eos
806 1619 853 1697 qui
871 1617 1007 1696 gravidas
1022 1632 1092 1676 uxo-

93 1717 144 1759 res
157 1695 314 1776 baberent,
333 1700 411 1778 quod
426 1700 461 1760 ad
479 1718 512 1760 se
528 1703 651 1779 quisque
666 1720 748 1782 spem
765 1702 904 1779 traheret,
922 1718 1039 1761 curasse
1055 1718 1093 1760 ne

94 1783 385 1844 senatusconsultum
400 1784 435 1843 ad
451 1786 591 1845 aerarium
607 1784 779 1846 deferretur.

157 1866 190 1927 ln
221 1866 406 1946 Asclepiadis
435 1867 576 1928 Mendetis
606 1868 866 1947 Theologumenon
896 1868 978 1930 libris
1010 1869 1092 1946 lego,

52 1971 83 2014 ao
93 1951 206 2028 Atiam,
229 1969 292 2010 eum
313 1951 349 2011 ad
369 1951 510 2010 sollemne
526 1951 670 2030 Apollinis
686 1971 799 2013 sacrum
818 1953 911 2013 media
934 1961 1020 2012 nocte
1043 1970 1092 2011 ve-

92 2037 200 2112 nisset,
223 2035 318 2114 posita
334 2036 363 2094 in
384 2034 493 2114 templo
509 2033 629 2111 lectica,
649 2037 714 2097 dum
731 2045 847 2096 ceterae
862 2045 1010 2096 matronae
1026 2035 1091 2095 dor·

92 2122 209 2198 mirent,
238 2118 437 2188 obdormisse;
471 2117 626 2180 draconem
646 2129 767 2198 repente
794 2120 952 2198 irrepsisse
973 2117 1008 2178 ad
1031 2136 1093 2178 eam

6 2231 14 2244 ·
93 2203 240 2282 pauloque
263 2213 331 2282 post
354 2221 521 2281 egressum;
543 2203 620 2263 illam
637 2203 875 2283 expergefactam
891 2203 973 2282 quasi
990 2221 1007 2263 a
1024 2219 1093 2262 con·

94 2286 190 2348 cubitu
205 2289 299 2348 mariti
313 2289 483 2366 purificasse
497 2305 544 2356 se;
562 2297 590 2347 et
602 2289 695 2349 statim
704 2288 734 2347 in
748 2304 874 2366 corpore
888 2289 949 2347 eius
962 2287 1092 2348 extitisse

54 2371 234 2432 cumaculam
257 2372 337 2432 velut
359 2372 430 2452 picti
452 2372 605 2448 dracoms,
627 2390 683 2432 nec
705 2374 836 2452 potuisse
853 2389 984 2450 umquam
1001 2372 1091 2450 exigi,

7 2509 12 2520 ‚
91 2455 168 2515 adeo
184 2465 214 2516 ut
224 2474 293 2517 mox
304 2457 429 2536 publicis
440 2456 563 2517 balineis
575 2465 719 2536 perpetuo
732 2456 915 2525 abstinuerim
931 2456 1092 2534 Augustum

92 2548 187 2598 natum
204 2557 304 2601 mense
320 2541 432 2602 decimo
455 2549 483 2600 et
499 2540 536 2602 ob
552 2541 610 2601 hoc
624 2541 771 2621 Apollinis
787 2542 875 2602 lilium
891 2542 1091 2601 existimatum.

91 2622 201 2683 Eadem
217 2622 284 2684 Atia
298 2627 378 2704 prius
395 2643 478 2704 quam
493 2633 610 2704 pareret
626 2614 939 2714 somniavitfintestina
955 2643 1006 2684 sua
1022 2623 1147 2700 istriis„
1175 2691 1188 2710 a

56 2699 129 2848 {ped
144 2701 453 2789 sideralexpltcsrtque
470 2727 524 2788 per
539 2727 652 2770 omnem
666 2718 851 2786 terrarumpet
864 2709 938 2770 caeli
948 2705 1108 2768 ambitum*

93 2775 303 2902 somniaviffpt
327 2803 411 2873 pater
431 2794 583 2872 Octavius,
604 2803 687 2855 utero
705 2793 790 2855 Atiae
804 2793 893 2854 :iubar
914 2792 985 2852 solis
1007 2807 1092 2850 exor-

92 2884 159 2936 lum.

156 2959 220 3035 Quo
237 2970 319 3021 natus
335 2971 380 3022 est
396 2961 457 3039 die,
474 2980 537 3023 curn
555 2962 591 3022 de
608 2959 747 3023 Catilinae
766 2960 964 3021 coniuratione
988 2974 1090 3035 agere-

91 3045 179 3103 turin
196 3045 274 3106 curia
292 3055 320 3106 et
333 3046 469 3107 Octavius
481 3046 519 3107 ob
534 3048 634 3108 uxoris
650 3047 835 3125 puerperium
850 3044 943 3104 serius
954 3041 1111 3128 siluisset„
1180 3110 1191 3131 ξ

8 3141 9 3194 ἶ
91 3137 160 3189 nota
177 3147 212 3189 ae
227 3129 346 3207 vulgata
363 3149 411 3191 res
429 3140 474 3191 est
491 3131 522 3191 P.
534 3130 695 3209 Nigidium,
714 3137 863 3209 comperta
878 3145 977 3188 morae
994 3143 1090 3202 causa,
1112 3137 1141 3198 3»
1159 3142 1176 3190 2.

8 3219 11 3300 1
56 3221 121 3271 ssut
136 3210 236 3273 boram
253 3231 368 3293 quoque
385 3225 484 3293 partus
498 3217 656 3295 acceperit,
673 3215 834 3275 affirmasse
846 3213 987 3273 dominum
1001 3219 1108 3270 terra-’¹
1188 3205 1194 3225 ⁴

91 3313 153 3356 rum
171 3297 235 3357 orbi
251 3307 356 3358 natum.
385 3297 508 3360 Octavio
525 3309 645 3378 postea,
669 3317 731 3358 oum
750 3316 805 3377 per
819 3305 934 3357 secreta
949 3294 1089 3356 Thraciae

16 3409 27 3434 r
92 3382 251 3442 exereitum
271 3381 407 3460 duceret,
428 3385 458 3442 in
474 3383 570 3443 liberi
587 3384 678 3462 patris
692 3382 760 3443 luco
778 3380 901 3442 barbara
918 3377 1090 3440 caerimonia

10 3457 11 3462 ’
91 3462 127 3524 de
146 3466 206 3525 lilio
226 3466 404 3545 consulenti,
422 3466 497 3526 idem
513 3467 680 3528 affirmatum
696 3475 741 3526 est
755 3485 772 3528 a
788 3448 1088 3574 sacerdotibuflquod

994 3554 1000 3659 l

6 1411 37 1454 „

8 2939 22 2984 i'

293 3679 497 3816 [ἱρῇ.
527 3759 569 3770 ..
