2450 3910
479 251 705 302 nonrnrsnus.
1025 242 1087 301 247

92 427 154 470 non
169 407 307 469 absimilis
321 409 458 484 magistro
474 405 633 484 videbatur,
650 405 768 477 occidit;
792 407 859 466 item
874 406 1088 484 Hermogenem
1133 481 1137 486 Ι

94 493 271 554 Tarsensem
288 500 410 570 propter
427 489 563 569 quasdam
583 492 612 548 in
633 490 753 550 historia
766 491 890 568 figuras,
911 490 1027 550 libraris
1048 500 1088 550 ct-

92 580 166 655 iam,
193 579 240 655 qui
262 593 325 636 cam
351 575 581 653 descripserant,
604 574 682 633 cruci
704 575 778 634 lixis.
822 575 935 634 Patrem
954 574 1087 652 familias,

94 661 174 740 qnod
189 659 329 721 Threcem
348 658 520 733 murmilloni
542 677 655 736 parem,
673 661 834 718 munerario
852 661 989 738 imparem
1010 658 1089 718 dixe·

68 753 148 823 erat,
164 745 322 804 detractum
337 743 514 822 spectaculis
530 745 558 802 in
573 743 724 819 harenam,
743 742 860 802 canibus
877 743 1003 818 obiecit,
1025 758 1089 802 cum

92 829 153 889 hoc
167 827 266 890 titulo:
281 827 379 906 impie
393 828 514 888 locatus
525 827 752 906 perniciosius.
1085 864 1118 877 ae

159 911 333 991 Complures
351 921 511 987 senatores,
528 912 602 970 iniis
615 912 725 990 aliquot
740 912 917 988 consulares,
929 913 1088 984 interemit;

93 1016 133 1056 ex
149 997 252 1076 quibus
269 995 397 1057 Ciuicam
412 995 564 1056 Cerealem
576 998 603 1054 in
615 998 680 1075 ipso
692 995 781 1056 Asiae
794 995 1010 1075 proconsulatu,
1026 998 1088 1058 Sal-

92 1081 237 1142 vidienum
253 1080 380 1158 Orfitum,
395 1079 518 1140 Acilium
535 1079 719 1140 Glabrionem
733 1080 762 1138 in
777 1079 884 1156 exilio,
905 1082 986 1159 quasi
1006 1081 1087 1141 moli-

56 1188 83 1230 io
93 1176 175 1226 tores
190 1184 285 1224 rerum
300 1182 450 1234 novarum;
469 1173 583 1224 ceteros
597 1164 743 1224 levissima
764 1182 905 1244 quemque
928 1165 963 1224 de
986 1183 1087 1226 causa:

93 1249 209 1310 Aelium
224 1249 347 1310 Lamiam
365 1248 402 1307 ob
417 1249 598 1326 suspiciosos
614 1248 744 1326 quidem,
764 1266 864 1308 verum
880 1256 909 1307 et
925 1258 1042 1308 ueteres
1059 1259 1088 1308 et

92 1335 228 1393 innoxios
243 1335 340 1410 iocos,
363 1332 441 1410 quod
458 1341 526 1411 post
543 1332 694 1391 abductam
709 1350 829 1393 uxorem
844 1332 969 1394 laudanti
983 1350 1089 1394 vocem

93 1436 174 1477 suam
189 1415 337 1490 eutacto
354 1416 479 1492 dixerat,
496 1415 632 1494 quodque
647 1417 711 1476 l'ito
727 1417 853 1477 hortanti
867 1435 900 1476 se
917 1417 952 1476 ad
967 1418 1088 1477 alterum

93 1503 300 1561 matrimonium
332 1500 540 1579 responderat:
570 1489 630 1580 Μὴ
651 1493 706 1560 καὶ
729 1489 772 1560 σύ
792 1498 937 1581 γαμῆσαι
959 1497 1088 1576 beist&
1114 1530 1124 1564 ·:
1138 1519 1177 1564 cta

9 1621 41 1641 x
57 1605 84 1645 15
95 1586 222 1645 Salvium
244 1583 451 1662 Cocceianum,
477 1583 554 1662 quod
576 1583 697 1644 Othonis
716 1587 900 1666 imperatoris
925 1588 1018 1664 patrui
1045 1589 1088 1645 sui

95 1671 170 1729 diem
185 1669 308 1729 natalem
325 1668 540 1738 celebraverat3
556 1669 685 1730 Mettium
700 1669 929 1748 Pompusianum,
947 1669 1026 1748 quod
1038 1670 1087 1730 ha·
1103 1687 1141 1731 aa
1152 1689 1175 1732 a,

94 1755 166 1813 bere
186 1754 398 1831 imperatoriam
417 1746 548 1831 genesim
564 1753 654 1830 vulgo
677 1753 838 1832 ferebatur,
861 1764 890 1816 et
910 1755 987 1836 quod
1007 1755 1087 1833 depi-

96 1847 171 1898 ctum
187 1837 288 1896 orbem
302 1845 398 1898 terrae
413 1841 442 1896 in
456 1837 627 1898 membrana
637 1839 847 1917 contionesque
867 1857 968 1916 regum
989 1857 1024 1899 ac
1039 1839 1087 1897 du-

96 1941 159 1982 cum
174 1940 212 1981 ex
227 1921 292 1981 'l'ito
306 1921 387 1981 bivio
403 1922 617 1997 circumferret,
637 1921 771 2002 quodque
787 1924 881 1982 servis
901 1923 1014 1982 nomina
1028 1923 1087 1983 lila-
1220 1975 1221 1984 ,

17 2047 18 2052 1
57 2005 178 2084 engonis
195 2015 224 2065 et
236 2004 401 2066 Hannibalis
413 2005 577 2074 indidisset;
595 2005 758 2065 Sallustium
768 2005 916 2066 Lucullum
926 1991 1133 2065 Britanniae*u
1220 2031 1221 2062 1

94 2092 229 2167 legatum,
247 2089 324 2168 quod
340 2089 457 2166 lanceas
473 2106 566 2149 novae
578 2089 689 2148 iormae
701 2089 844 2168 appellari
855 2090 1007 2150 Luculleas
1022 2107 1087 2168 pas-

95 2193 143 2234 sut
159 2182 251 2244 esset;
270 2173 378 2232 lunium
397 2172 553 2248 Rusticum,
574 2172 652 2250 quod
666 2173 748 2234 Paeti
762 2173 909 2232 Thraseae
932 2173 1088 2233 etHelvidi
1123 2175 1134 2248 ‘i
1220 2165 1221 2230 3

94 2259 186 2319 Prisci
203 2258 304 2318 laudes
315 2257 454 2334 edidisset
465 2257 705 2336 appellassetque
716 2275 769 2317 eos
781 2257 980 2316 sanctissimos
991 2259 1086 2326 viros;
1220 2251 1221 2258 '

96 2343 176 2404 cuius
196 2343 321 2402 criminis
345 2342 501 2401 occasione
526 2340 719 2419 philosophos
743 2343 834 2400 omnis
856 2341 928 2400 urbe
948 2341 1088 2420 italiaque

59 2427 254 2489 aesnmmovit.
288 2425 401 2486 Occidit
415 2436 444 2486 et
458 2425 621 2486 Heluidium
636 2425 737 2503 lilium,
762 2427 843 2504 quasi
861 2428 999 2486 scaenico
1017 2444 1087 2486 exo·

95 2511 140 2572 dio
162 2510 215 2570 sub
241 2528 366 2588 persona
388 2510 499 2570 Paridis
526 2519 554 2569 et
575 2509 711 2570 Oenones
738 2509 889 2570 divortium
915 2526 995 2570 suum
1025 2527 1088 2570 cum

95 2613 185 2667 unone
201 2602 344 2662 taxasset;
358 2593 486 2654 Flavium
500 2594 634 2655 Sabinum
646 2593 766 2655 alterum
779 2614 796 2654 e
808 2594 994 2672 patruelibus,
1011 2593 1089 2673 quod

96 2697 159 2738 eum
175 2679 355 2738 comitiorum
372 2678 563 2739 consularium
581 2679 626 2738 die
642 2678 810 2738 destinatum
832 2697 985 2758 perperam
1005 2695 1087 2756 prae-

97 2780 131 2824 co
146 2779 204 2823 nou
218 2763 366 2822 consulem
378 2764 414 2823 ad
425 2762 571 2842 populum,
586 2763 637 2822 sed
649 2763 852 2841 imperatorem
865 2763 1088 2840 pronuntiasset.
1220 2807 1221 2826 ,

62 2863 100 2904 ao*
156 2849 265 2907 Verum
294 2847 440 2925 aliquanto
468 2857 533 2926 post
564 2847 656 2907 civilis
689 2846 759 2907 belli
787 2847 938 2905 victoriam
963 2843 1117 2928 saeviors·
1220 2891 1221 2900 ,

100 2933 255 3014 plerosque
276 2933 364 3010 partis
386 2931 545 3006 adversae,
570 2931 633 2989 dum
656 2933 741 2991 etiam
759 2930 874 2992 latentis
893 2929 1029 2990 conscios
1046 2931 1087 2988 in-

97 3017 235 3094 vestigat,
261 3032 338 3076 noro
365 3017 542 3094 quaestionis
566 3033 677 3092 genere
705 3013 851 3090 distorsit,
880 3014 1008 3074 immisso
1036 3031 1088 3092 per

99 3099 243 3160 obscaena
259 3101 343 3178 igne3
360 3099 504 3159 nonnullis
520 3109 549 3158 et
563 3117 661 3158 manus
677 3103 842 3177 amputavit.
872 3099 1006 3176 Satisque
1019 3115 1087 3157 con·

100 3193 168 3262 stat,
192 3185 265 3244 dnos
287 3184 367 3246 solos
389 3203 405 3244 c
425 3183 585 3244 notioribus
601 3184 685 3242 venia
710 3184 847 3258 donatos,
868 3182 1010 3245 tribunum
1026 3182 1087 3242 lati·

65 3287 90 3330 ae
101 3267 220 3329 clavium
236 3279 266 3329 et
281 3269 490 3346 centurionem,
506 3269 614 3346 quise,
631 3285 687 3346 qno
703 3267 818 3326 facilius
833 3274 971 3346 expertes
984 3265 1087 3346 culpae

99 3352 299 3430 ostenderent,
324 3351 485 3432 impudicos
507 3361 703 3431 prmaverant
724 3358 753 3410 et
776 3350 813 3410 ob
835 3350 864 3409 id
890 3367 986 3428 neque
1011 3345 1088 3430 apud

99 3437 197 3496 ducem
212 3453 307 3515 neque
323 3436 399 3516 apud
413 3438 518 3496 milites
533 3437 618 3495 ullius
636 3435 771 3494 momenti
788 3453 855 3494 esse
874 3437 1013 3516 potuisse.

155 3519 226 3580 Erat
241 3530 335 3580 autem
350 3539 407 3580 non
427 3521 519 3580 solum
538 3539 678 3599 magnae,
697 3520 748 3580 sed
766 3521 850 3582 etiam
863 3519 984 3581 callidae
996 3519 1127 3598 inopi-lt
