2466 3896
136 201 178 262 ab
223 211 252 259 c.
269 210 418 260 eunrour
433 212 559 272 unaue.
574 213 623 262 ou
636 214 719 260 vrrs
733 211 915 263 consensu
926 213 995 262 uro.
1007 214 1059 262 111.

137 385 206 429 mox
220 366 352 445 dissedit,
374 376 404 428 et
419 367 562 448 aliquanto
577 370 712 446 gannim,
734 376 765 428 ut
783 368 868 428 etiam
889 369 1032 448 perpetuo
1051 386 1133 431 secu·

138 453 238 530 bmet,
254 453 417 530 intercepto
432 453 587 512 communis
605 451 646 512 fili
661 454 801 532 pignore,
822 452 869 531 qui
883 450 1036 531 Aquileiae
1051 461 1134 516 natus

138 537 231 598 inians
252 537 395 597 extinctus
422 544 476 596 est.
518 534 641 596 Drusum
664 537 782 596 fratrem
805 536 834 594 iu
857 534 1008 596 Germania
1031 539 1133 616 amisit,
1154 565 1156 568 ·

138 621 218 680 cuius
234 636 355 699 corpus,
377 619 499 699 pedibus
514 627 575 680 toto
590 621 692 680 itinere
708 617 933 700 praegrediens,
953 620 1072 682 Romam
1088 641 1134 683 us·

139 723 195 783 que
211 704 354 783 pervexit.
1145 724 1157 763 ι

109 809 128 864 g
201 788 332 850 Ciuilium
349 787 508 850 officiorum
528 786 694 849 rudimentis
710 805 810 865 regem
825 786 999 850 Archelaum
1016 788 1135 851 Trallia-

139 893 192 936 nos
207 884 237 934 et
250 872 424 950 Thessalos,
445 874 525 933 varia
541 889 672 951 quosque
692 871 729 932 de
746 889 848 950 causa,
868 870 1002 949 Angusto
1026 891 1134 950 cogno·
1220 905 1222 910 ·

139 967 240 1020 scente
252 956 394 1025 delendit;
411 973 464 1036 pro
475 955 645 1018 Laodicenis
657 955 838 1031 Thyatirenis
850 954 938 1034 Chiis,
950 963 1136 1018 terraemotu

140 1043 253 1105 afflictis
264 1059 408 1121 opemque
422 1040 648 1119 implorantibus,
661 1048 789 1100 senatum
803 1039 976 1120 deprecatus
988 1048 1047 1110 est;
1061 1040 1134 1101 Fan·
1224 1027 1231 1053 ¹

138 1129 215 1188 nium
226 1124 414 1204 caepionem,
430 1126 554 1204 quicum
568 1125 701 1185 Varrone
715 1124 833 1195 blurena
847 1125 876 1183 in
889 1122 1049 1202 Augustum
1064 1141 1133 1184 cou-
1145 1141 1171 1182 ιι

139 1212 318 1292 spiraverat,
338 1227 419 1269 reum
435 1207 591 1270 maiestatis
610 1208 685 1288 apud
703 1207 813 1270 iudices
832 1208 904 1268 iecit
920 1215 950 1268 et
965 1206 1134 1268 condemna·

139 1299 189 1357 vit
223 1295 359 1393 luteaque
382 1292 455 1354 haec
476 1293 619 1372 duplicem
640 1310 737 1353 curam
760 1291 977 1369 administravit,
1005 1309 1135 1352 annonae

139 1398 213 1460 quae
228 1380 316 1440 artior
331 1375 486 1454 inciderat,
502 1386 531 1437 et
545 1377 793 1456 repurgandorum
807 1385 867 1438 tota
881 1375 964 1437 ltalia
974 1374 1134 1453 ergastulo·

139 1483 212 1541 rum,
226 1479 346 1541 quornm
361 1459 487 1522 domiui
479 1479 507 1521 nn
521 1461 653 1523 invidiam
668 1470 808 1522 venerant
821 1462 902 1541 quasi
918 1469 1059 1540 exceptos
1069 1477 1135 1538 sup·

140 1549 314 1628 primerent,
339 1563 396 1604 nou
408 1544 500 1604 solutu
513 1547 640 1607 viatores
654 1545 708 1607 sed
727 1554 756 1605 et
770 1563 843 1624 quos
858 1544 1029 1606 sacramenti
1042 1552 1170 1604 metusne
1229 1563 1231 1570 ⁴

117 1632 252 1696 adeius
268 1628 344 1689 modi
359 1628 485 1689 latebras
502 1629 698 1706 compulisset.

111 1730 130 1784 9
204 1712 351 1792 Stipendia
367 1714 457 1792 prima
477 1710 662 1792 expeditione
682 1711 854 1774 Cantabrica
872 1712 999 1774 tribunus
1018 1711 1136 1772 militum

140 1801 224 1876 iecit,
245 1797 311 1858 dein
325 1796 411 1857 ducto
424 1795 461 1857 ad
478 1795 624 1857 Orientem
639 1799 769 1857 exercitu
785 1815 905 1875 regnum
919 1795 1073 1857 Armeniae
1090 1795 1136 1857 Ti·
1230 1857 1231 1864 ,

141 1884 223 1962 graui
237 1883 362 1942 restituit
376 1899 410 1942 ac
425 1899 479 1960 pro
492 1879 625 1943 tribunali
640 1881 768 1942 diadema
782 1882 925 1961 imposuit.
968 1880 1094 1959 Recepit
1108 1887 1138 1938 et
1230 1873 1231 1904 ¹

141 1970 240 2046 signa,
255 1984 329 2045 quae
343 1963 382 2026 bl.
397 1962 504 2027 Grasso
520 1964 685 2026 ademerant
698 1964 805 2026 Parthi
833 1965 902 2026 Post
917 1964 974 2026 hoc
988 1962 1171 2026 Gomatnmao

141 2051 261 2113 Galliam
275 2067 348 2110 anno
363 2049 427 2109 iere
439 2051 531 2126 rexit,
548 2058 578 2109 et
592 2048 779 2111 barbarorum
792 2048 1001 2110 incursionibus
1018 2057 1048 2109 et
1058 2049 1136 2127 prin·

142 2138 235 2215 cipum
261 2133 405 2196 discordia
429 2135 590 2213 inquietam.
633 2133 708 2194 Exin
730 2134 879 2195 Raeticum
897 2131 1137 2210 Vindelicumque

140 2219 261 2294 bellum,
277 2218 343 2279 inde
357 2218 562 2294 Pannonicum,
577 2217 643 2279 inde
659 2217 856 2278 Germanicum
869 2219 971 2294 gessit.
1012 2216 1136 2277 Raetico
1215 2226 1223 2262 ι

141 2313 226 2382 atque
242 2301 394 2364 Vindelico
409 2303 504 2380 gentis
514 2301 645 2380 Alpinas,
658 2301 822 2362 Pannonico
837 2300 965 2362 Breucos
980 2309 1010 2362 et
1022 2299 1136 2362 Dalma-

141 2397 185 2447 tas
201 2386 332 2464 subegit,
356 2385 526 2446 Germanico
542 2385 729 2464 quadraginta
745 2384 821 2445 milia
837 2383 1035 2446 dediticiorum
1051 2385 1136 2445 traie-
1146 2404 1172 2445 ac

141 2472 180 2530 cit
197 2472 226 2529 in
241 2469 360 2531 Galliam
373 2471 509 2547 iuxtaque
524 2471 615 2549 ripam
627 2469 720 2530 Rheni
736 2467 851 2530 sedibus
866 2467 1023 2547 adsignatis
1038 2467 1136 2528 conlo·

141 2554 226 2615 cavit.
270 2553 348 2628 Quas
370 2552 408 2613 ob
429 2570 479 2613 res
497 2561 527 2613 et
547 2570 638 2613 ovans
656 2560 685 2613 et
700 2571 784 2614 cnrru
801 2553 901 2613 urbem
916 2554 1065 2630 ingressus
1081 2559 1137 2628 est,

141 2640 231 2719 prius,
247 2646 277 2696 ut
293 2636 406 2716 quidam
420 2645 530 2715 putent,
549 2636 764 2716 triumphalibus
780 2639 955 2699 ornamentis
968 2635 1136 2712 honoratus,

140 2741 217 2784 novo
231 2740 286 2782 nec
302 2731 387 2782 autea
401 2724 531 2800 cuiquam
547 2721 652 2782 tributo
667 2739 778 2799 genere
791 2721 920 2783 honoris.

203 2806 388 2884 Magistratus
402 2813 432 2865 et
444 2806 579 2866 maturius
593 2803 738 2867 inchoavit
754 2815 783 2866 et
796 2823 892 2885 paene
905 2805 1020 2866 iunctim
1033 2821 1136 2885 percu·
1146 2826 1173 2868 so

141 2893 247 2969 currit,
269 2899 465 2970 quaesturam,
488 2897 666 2968 praeturam,
689 2889 881 2959 consulatum:
907 2889 1138 2969 interpositoque

141 2985 273 3056 tempore
291 2973 391 3036 consul
411 2975 513 3034 iterum
530 2975 615 3033 etiam
635 2973 812 3034 tribuniciam
829 2981 1002 3053 potestatem
1016 2973 1044 3031 in
1058 2972 1138 3050 quin·

100 3060 292 3139 loquennium
314 3059 438 3136 accepit.
482 3057 538 3118 'lot
552 3059 701 3137 prosperis
718 3057 942 3135 confluentibus,
960 3058 1073 3134 integra
1090 3071 1137 3114 ae-

142 3153 201 3203 tate
226 3161 261 3204 ac
286 3141 441 3204 valitudine
464 3143 561 3203 statuit
585 3150 708 3219 repente
730 3141 872 3203 secedere
891 3159 981 3222 seque
1001 3159 1019 3202 e
1042 3137 1137 3200 medio

142 3243 226 3307 quam
245 3226 413 3304 longissime
434 3243 584 3287 amovere:
611 3225 739 3304 dubium,
761 3227 897 3288 uxorisne
917 3223 1030 3303 taedio,
1052 3233 1169 3304 qnamtt

141 3326 237 3387 neque
260 3311 403 3371 criminari
420 3319 469 3371 aut
490 3309 631 3370 dimittere
653 3309 772 3370 auderet
791 3328 885 3390 neque
907 3310 982 3372 ultra
1002 3308 1136 3388 perferre

141 3399 258 3473 posset,
278 3410 314 3453 an
328 3404 359 3455 ut
370 3396 459 3455 vitato
477 3394 649 3456 assiduitatis
663 3393 778 3459 fastidio
794 3395 992 3454 auctoritatem
1006 3391 1137 3453 absentia

141 3482 369 3555 manebuntque
386 3479 470 3538 etiam
486 3486 617 3556 augeret,
632 3479 656 3538 si
672 3478 785 3559 quando
801 3477 971 3556 indiguisset
986 3478 1029 3538 sui
1043 3493 1137 3556 resp.
1214 3525 1228 3556 .,
