2466 3896
137 225 181 288 92
226 237 256 285 c.
272 232 423 285 sunnonu
435 233 562 294 renue.
578 237 624 282 nn
636 236 720 285 unus
735 235 919 286 osnssaurr
931 237 1000 286 nne.
1012 237 1053 285 111

137 396 227 470 duxit,
240 399 373 471 quantum
387 391 416 450 in
430 409 463 450 sc
479 398 566 467 esset,
579 408 701 452 exorare
718 391 795 452 filiae
810 400 921 471 patrem
936 392 1136 470 frequentibus
1225 375 1226 466 ζ

137 479 242 540 litteris
257 484 287 534 et
300 475 349 536 vel
365 483 516 554 utcumque
531 475 667 554 meritae,
690 476 826 555 quidquid
842 494 972 555 umqqam
994 475 1068 537 dono
1086 476 1134 537 de·

137 562 244 638 disset,
273 559 447 619 concedere.
491 557 648 620 Transacto
672 569 765 620 autem
792 559 960 620 tribuniciae
981 563 1134 639 potestatis

136 656 286 724 tempore,
304 642 456 705 confessus
474 643 604 721 tandem,
626 643 698 704 nibil
715 644 790 705 aliud
805 662 925 705 secessu
940 643 1084 705 devitasse
1101 663 1135 704 se
1225 685 1226 712 u

137 747 221 811 quam
237 727 435 789 aemulationis
453 745 516 786 cum
531 726 564 788 G.
574 728 719 807 Lucioque
735 730 933 807 suspitionem,
947 729 1019 807 petit
1033 737 1064 789 ut
1077 728 1154 789 sibis

137 829 241 875 securo
257 812 312 872 iam
325 811 361 873 ab
377 811 433 871 hac
446 821 538 891 parte,
553 812 753 874 conroboratis
767 813 811 873 his
826 820 855 871 et
869 811 1024 872 secundnm
1039 813 1135 872 locum
1225 831 1226 868 τ

137 897 225 958 facile
240 895 411 972 tutantibus,
429 898 643 975 permitteretur
658 899 789 958 revisere
805 895 1048 974 necessitudines,
1064 914 1133 976 qua·
1225 893 1226 932 ἕ

141 1000 203 1042 rmn
218 980 361 1041 desiderio
376 988 533 1040 teneretur.
550 981 608 1040 Sed
622 999 715 1060 neque
730 982 892 1060 impetravit
902 980 1034 1060 ultroque
1049 983 1135 1040 etiam

140 1066 298 1127 admonitus
316 1072 375 1141 est,
392 1063 555 1125 dimitteret
567 1082 683 1126 omnem
699 1083 806 1127 coram
822 1083 962 1139 suoram,
979 1082 1056 1144 quos
1070 1069 1135 1124 tam
1222 1043 1226 1096 Ὗ

94 1161 128 1216 12
136 1149 247 1229 cupide
262 1148 447 1229 reliquisset.
463 1149 611 1210 Remausit
625 1151 711 1228 igitur
721 1149 816 1211 Rhodi
832 1157 933 1209 contra
948 1147 1168 1224 voluntatem,1t
1225 1157 1226 1224 g

136 1237 185 1295 vix
203 1252 257 1313 per
270 1242 389 1295 matrem
401 1242 583 1312 consecutus,
595 1242 626 1292 ut
640 1233 675 1294 ad
693 1234 844 1294 velandam
859 1232 1041 1310 ignominiam
1053 1235 1134 1311 quasi
1225 1243 1226 1308 i

135 1319 249 1396 legatus
266 1317 399 1395 Augusto
417 1318 544 1378 abesset.

196 1401 353 1462 Enimvero
369 1411 437 1461 tunc
451 1420 509 1461 non
529 1401 668 1481 privatum
690 1403 791 1480 modo,
813 1401 965 1462 sedetiam
980 1398 1134 1460 obnoxium

136 1495 166 1548 et
179 1485 322 1565 trepidum
337 1487 413 1563 egit,
430 1485 647 1547 mediterraneis
661 1489 740 1564 agris
756 1485 868 1548 abditus
882 1485 1033 1562 vitansque
1049 1501 1132 1562 prae·
1225 1479 1226 1516 ³

136 1570 375 1647 ternavigantium
387 1568 495 1644 officia,
511 1569 614 1647 quibus
629 1569 865 1647 frequentabatur
881 1567 1005 1645 assidue,
1020 1567 1131 1627 nemine
1142 1580 1168 1620 1⁵

136 1671 200 1713 cum
218 1654 340 1732 imperio
356 1662 403 1712 aut
419 1655 589 1730 magistratu
608 1653 744 1713 tendente
760 1669 901 1732 quoquam
919 1653 985 1731 quin
1000 1651 1132 1712 deverte-

135 1745 181 1798 ret
199 1735 341 1797 Rhodmn.
383 1736 422 1798 Et
441 1745 628 1796 accesserunt
648 1739 763 1798 maioris
793 1736 991 1797 sollicitudinis
1017 1753 1131 1795 causae.

134 1820 265 1901 Namque
284 1821 446 1901 privignum
463 1818 560 1881 Gaium
576 1818 684 1880 Orienti
708 1823 918 1900 praepositum,
941 1838 1004 1880 cum
1021 1818 1133 1879 visendi

135 1907 230 1984 pratia
243 1906 406 1966 traiecisset
420 1905 541 1982 Samum,
555 1903 720 1965 alieniorem
736 1905 790 1965 sibi
804 1907 894 1966 sensit
909 1923 946 1966 ex
962 1905 1132 1965 criminatio·

135 1989 219 2050 nibus
232 1988 270 2051 bi.
284 1989 359 2051 Lolli
380 1991 492 2050 comitis
514 1998 542 2048 et
563 1991 687 2049 rectoris
708 1991 779 2050 eius.
816 1990 911 2050 ,Venit
929 1990 1013 2050 etiam
1036 1989 1064 2046 in
1086 2004 1168 2048 suro

135 2075 303 2154 spitionem,
321 2093 376 2153 per
392 2072 530 2154 quosdam
544 2072 678 2133 beneficii
692 2078 734 2136 sui
748 2074 931 2135 centuriones
943 2091 960 2134 a
974 2081 1133 2132 commeatu

136 2166 232 2218 castra
247 2159 409 2238 repetentis
423 2151 554 2219 mandate
571 2156 607 2217 ad
628 2159 791 2238 complures
813 2157 929 2218 dedisse
949 2155 1082 2234 ambigua
1103 2163 1134 2215 et

136 2260 209 2320 quac
230 2251 373 2323 temptare
394 2242 571 2320 singulorum
594 2242 704 2303 animos
723 2243 760 2304 ad
779 2260 870 2304 novas
892 2259 941 2302 res
956 2239 1131 2300 viderentur.
1225 2249 1226 2284 ³

134 2325 179 2384 De
195 2343 251 2403 qua
266 2327 432 2406 suspicione
455 2327 563 2386 certior
584 2325 619 2388 ab
634 2326 767 2403 Augusto
789 2327 900 2404 factus,
925 2343 984 2386 nou
1006 2325 1133 2385 cessavit

136 2408 298 2485 efflagitare
320 2411 444 2489 aliquem
466 2409 618 2470 cuiuslibet
639 2410 747 2471 ordinis
772 2409 920 2472 custodem
940 2410 1025 2471 iactis
1046 2416 1166 2486 atquem

94 2491 221 2552 13dictis
237 2492 306 2552 suis.
349 2493 425 2573 Equi
446 2511 561 2573 quoque
580 2502 609 2554 et
626 2492 773 2557 'armorum
789 2494 890 2555 solitas
906 2493 1131 2554 exercitationes

136 2576 231 2637 omisit
243 2575 415 2656 redegitque
431 2597 481 2654 se,
507 2577 642 2657 deposito
662 2581 755 2659 patrio
778 2578 890 2655 babitu,
909 2577 948 2638 ad
969 2576 1087 2656 pallium
1104 2583 1133 2634 et

135 2658 286 2740 crepidas,
303 2670 387 2740 atque
402 2662 431 2720 in
445 2661 495 2721 tali
509 2670 583 2722 statu
597 2662 714 2725 biennio
730 2665 794 2725 fere
809 2662 979 2742 permansit,
1005 2669 1131 2720 contem·

135 2746 192 2806 tior
208 2746 238 2805 in
251 2744 313 2806 dies
331 2755 361 2805 et
379 2745 514 2824 invisior,
539 2745 612 2807 adeo
633 2757 664 2808 ut
678 2749 817 2826 imagines
834 2748 894 2806 eius
908 2754 939 2806 et
952 2753 1059 2805 statuas
1073 2741 1131 2803 Ne-

134 2848 302 2892 mausenses
317 2829 524 2906 subverterint,
550 2849 584 2890 ac
601 2831 733 2893 familiari
748 2829 889 2911 quondam
904 2829 1037 2890 convivio
1051 2844 1129 2888 men·
1139 2845 1166 2888 ac

135 2915 214 2975 tione
229 2916 291 2976 eius
306 2923 383 2991 orta,
406 2914 532 2976 extiterit
547 2915 595 2994 qui
611 2913 680 2977 (laio
696 2915 899 2995 polliceretur,
921 2913 1072 2975 confestim
1086 2929 1130 2986 se,
1225 2959 1226 2974 a

135 3000 160 3058 si
180 2997 310 3078 iuberet,
328 2998 460 3060 Rhodum
479 3000 677 3078 navigaturum
700 3007 842 3078 caputque
863 2998 957 3058 exulis
979 2998 1038 3078 (sic
1056 2996 1131 3056 enirn
1225 2989 1226 3024 ³

136 3083 352 3162 appellabatur)
367 3083 530 3144 relaturum.
574 3084 639 3159 Quo
656 3083 813 3163 praecipue
833 3099 890 3142 non
912 3083 966 3142 iam
984 3088 1062 3140 metu
1078 3077 1132 3139 sed

136 3163 299 3228 discrimine
323 3176 440 3228 coactus
461 3177 520 3245 est,
542 3176 597 3228 tam
621 3171 679 3228 suis
701 3186 783 3247 quam
803 3167 902 3226 matris
923 3163 1130 3244 inpensissimis

136 3249 272 3328 precibus
286 3251 408 3312 reditum
422 3251 619 3331 expostulare,
632 3252 863 3331 impetravitque,
878 3249 988 3311 adiutus
1004 3247 1129 3326 aliquan·
1139 3261 1167 3304 ss
1225 3307 1226 3324 ,

135 3339 193 3391 tum
208 3334 292 3392 etiam
306 3353 385 3394 casu.
427 3334 605 3395 Destinatum
620 3334 751 3414 Augusto
766 3344 843 3411 erat,
859 3333 928 3393 nihil
944 3349 1031 3411 snper
1046 3349 1081 3391 ea
1097 3348 1131 3389 re

134 3415 189 3474 nisi
204 3433 242 3473 ex
257 3415 404 3476 voluntate
419 3419 535 3477 maioris
549 3416 590 3477 lili
607 3428 747 3489 statuere;
768 3420 793 3480 is
807 3419 883 3478 forte
898 3426 966 3476 tunc
983 3416 1021 3476 bi.
1037 3412 1131 3475 Lollio
1225 3437 1226 3496 ,

134 3498 291 3576 offensior,
307 3497 401 3557 facilis
419 3499 634 3579 exorabilisque
649 3503 678 3560 in
694 3505 825 3562 vitricum
839 3500 900 3561 fuit.
943 3499 1131 3560 Permittente
1212 3509 1226 3559 t
