2468 3912
448 236 554 286 orvus
575 239 703 288 1uu1us.
1043 226 1082 288 33

77 398 185 473 Quinto
201 394 327 456 blaximo
350 393 474 453 suffecto
495 393 710 476 trimenstrique
739 393 860 455 consule
877 392 1020 454 theatrum
1042 393 1083 453 irr-

76 488 230 558 troeunte,
254 497 319 539 cum
329 477 417 537 lictor
435 477 622 538 animadverti
638 499 676 540 ex
692 497 773 540 more
795 480 945 557 iussisset,
969 477 1004 538 ab
1023 479 1083 538 uni-

76 566 173 627 versis
192 564 401 625 conclamatum
422 569 484 638 est,
508 580 566 622 uon
585 581 652 623 esse
674 582 737 623 eum
757 564 916 624 consulem.
950 562 1022 623 Post
1038 580 1083 623 re·

76 659 175 714 motos
195 647 359 710 Caesetium
382 654 412 705 et
433 645 584 706 Marullum
606 647 738 708 tribunos
760 656 877 728 reperta
897 657 963 707 sunt
985 649 1083 727 proxi-

48 739 132 797 cmis
151 735 274 795 comitiis
293 731 442 810 complura
464 730 602 809 suffragia
626 732 763 793 consules
789 750 842 793 eos
867 731 1082 793 declarantium.

77 819 288 900 subscripsere
311 815 424 896 quidam
448 814 519 874 Luci
543 814 624 876 Bruti
647 825 775 877 statuae:
803 815 927 878 Utinam
944 818 1082 878 viveres!

75 909 147 968 item
165 907 254 985 ipsius
268 900 419 963 Caesaris:

162 995 286 1063 Brutus,
307 992 374 1064 quia
385 1003 465 1062 repes
480 991 573 1062 eiecit,
593 992 692 1046 consul
700 993 810 1063 primus
824 991 921 1064 factus
935 998 987 1046 est.-

162 1080 233 1149 Hic,
255 1077 320 1150 quia
337 1075 464 1131 consules
481 1075 572 1146 eiecit,
593 1089 648 1131 reor
657 1081 799 1147 postremo
815 1075 910 1147 factus
920 1081 971 1132 cst.

36 1167 66 1209 ¹⁰
80 1159 286 1238 Conspiratum
304 1165 349 1216 est
370 1156 399 1215 in
419 1171 483 1214 eum
505 1173 522 1215 a
544 1155 694 1232 sexaginta
719 1155 857 1235 amplius,
880 1154 952 1216 Gaio
979 1153 1082 1214 Cassio

76 1245 239 1323 Marcoque
251 1250 280 1301 et
300 1240 422 1300 Decimo
441 1237 530 1299 Rruto
549 1239 728 1320 principibus
754 1241 988 1319 conspirationis.
1028 1239 1083 1314 Qui

77 1331 200 1411 primurn
223 1326 366 1402 cunctati,
389 1331 517 1382 utrumne
540 1324 569 1382 in
591 1322 700 1404 Campo
723 1343 776 1403 per
800 1325 915 1384 comitia
939 1322 1030 1383 tribus
1047 1321 1083 1382 ad

77 1415 217 1492 suffragia
238 1418 392 1471 vocantem
414 1406 543 1486 partibus
566 1406 664 1468 divisis
683 1428 700 1470 e
717 1417 808 1489 ponte
830 1408 980 1470 deicerent
997 1417 1083 1488 atque

76 1507 235 1578 exceptum
262 1493 455 1568 trucidarent,
479 1510 514 1552 an
537 1493 566 1550 in
591 1493 682 1555 Sacra
703 1492 809 1554 viavel
833 1495 862 1553 in
885 1493 961 1554 aditu
980 1493 1084 1553 theatri

36 1603 63 1645 15
75 1583 275 1645 adorirentur:
300 1587 451 1658 postquam
473 1586 590 1638 senatus
609 1577 706 1639 ldibus
724 1579 835 1640 Martiis
850 1581 878 1638 in
895 1578 1016 1658 Pompei
1035 1597 1082 1638 cu-

73 1671 150 1729 riam
163 1666 275 1726 edictus
287 1671 348 1741 est,
370 1662 459 1723 facile
477 1671 589 1742 tempus
602 1673 631 1724 et
647 1664 744 1724 locum
756 1663 964 1743 praetulerunt.

143 1750 201 1811 Sed
221 1747 340 1810 Caesari
361 1748 455 1808 lutura
479 1747 585 1808 caedes
602 1748 783 1810 evidentibus
807 1748 949 1828 prodigiis
972 1747 1079 1808 dennn-
1090 1747 1121 1802 81

74 1839 147 1899 tiata
171 1843 225 1895 est.
258 1833 372 1894 Paucos
401 1839 467 1891 ante
489 1850 621 1911 menses,
648 1852 711 1894 cum
727 1836 753 1893 in
776 1833 893 1894 colonia
914 1831 1013 1913 Capua
1033 1833 1081 1892 de-

75 1921 158 1983 ducti
191 1919 260 1997 lege
291 1915 362 1976 lulia
385 1915 482 1976 coloni
508 1916 543 1976 ad
571 1918 746 1979 extruendas
774 1917 859 1979 villas
888 1919 1082 1978 vetustissima

39 2022 65 2065 ao
76 2003 237 2087 sepulchra
262 2002 453 2076 dissicerent,
471 1999 558 2078 idque
578 2020 615 2062 eo
645 2002 800 2062 studiosius
824 2003 973 2080 iacerent,
1005 2001 1082 2082 quod

76 2091 253 2170 aliquantum
279 2084 464 2146 vasculorum
493 2085 592 2163 operis
618 2087 725 2167 antiqui
756 2095 920 2146 scrutantes
953 2086 1081 2166 reperie-

75 2175 164 2251 bant,
187 2173 284 2234 tabula
306 2187 396 2231 aenea
418 2171 446 2229 in
465 2169 656 2247 monimento,
686 2173 792 2250 inquo
816 2169 965 2231 dicebatur
983 2169 1082 2250 Capys

79 2258 215 2320 conditor
242 2256 360 2335 Capuae
383 2253 530 2335 sepultus,
562 2255 678 2315 inventa
698 2265 758 2333 est,
787 2255 955 2334 conscripta
977 2256 1082 2316 litteris

76 2342 237 2423 verbisque
260 2339 380 2402 Graecis
397 2338 452 2398 hac
473 2342 632 2418 sententia,
661 2338 854 2420 Quandoque
873 2357 950 2402 osso
966 2338 1083 2420 Capyis

42 2428 200 2490 audotccto
217 2431 331 2500 essent,
354 2422 427 2502 fore
446 2431 480 2484 ut
498 2422 567 2485 luto
584 2433 760 2505 prognatus
778 2427 1081 2506 manrc'consunqui-

77 2531 206 2576 neonem
220 2514 385 2574 necaretur
396 2507 577 2589 magnisque
598 2529 671 2572 moa
690 2508 806 2572 ltaliae
825 2509 969 2572 cladibus
981 2510 1080 2572 uindi-

78 2603 214 2660 caretur.
254 2594 342 2657 Cuius
367 2594 427 2671 rei,
455 2612 492 2652 ne
515 2595 577 2672 quis
601 2594 762 2656 fabulosam
784 2603 831 2657 aut
854 2597 1082 2657 commenticiam

79 2691 179 2762 putet,
207 2687 372 2742 auctorest
390 2675 544 2740 cornelius
570 2678 694 2759 Balbus,
716 2679 953 2741 familiarissimus
976 2679 1081 2741 Gaesa-

78 2769 130 2827 ris.
162 2764 306 2828 Proximis
331 2761 434 2824 diebus
456 2779 595 2843 equorum
622 2783 748 2844 greges,
776 2783 850 2845 quos
872 2766 901 2825 in
919 2761 1080 2826 traiciendo

46 2851 232 2914 ³⁰Ruhicone
258 2849 373 2910 flumine
406 2857 594 2909 consecrarat
627 2868 662 2910 ac
683 2867 778 2928 vagos
810 2859 840 2910 et
868 2850 931 2909 sine
958 2846 1081 2909 custode

80 2936 243 3013 dimiserat,
264 2933 407 3012 comperit
427 2933 659 3011 pertinacissime
689 2933 797 3014 pabulo
823 2933 970 2994 abstinere
995 2931 1080 2992 uber·

79 3022 187 3100 timque
213 3019 295 3081 llere.
338 3015 376 3077 Et
397 3015 590 3078 immolantem
618 3017 766 3098 haruspex
793 3019 937 3097 Spurinna
960 3017 1081 3093 monuit,

17 3119 26 3142 '⁰
80 3111 206 3167 caveret
231 3101 418 3184 periculum,
446 3101 530 3182 qood
552 3121 614 3164 non
636 3102 721 3163 oltra
744 3102 882 3164 Martias
906 3098 983 3161 idos
1005 3118 1080 3180 pro-

78 3189 225 3269 ferretur.
259 3186 354 3249 Pridie
373 3195 466 3247 autem
484 3186 601 3248 easdem
621 3185 689 3247 ldus
710 3206 793 3248 avem
809 3185 999 3264 regaliolum,
1019 3203 1081 3245 cum

48 3289 72 3334 ts
80 3273 180 3336 laureo
206 3272 317 3334 ramulo
339 3270 534 3351 Pompeianae
558 3273 654 3333 curiae
678 3291 711 3332 se
733 3272 921 3347 inferentem,
944 3271 1081 3331 volucres

80 3361 155 3431 rarii
174 3358 294 3437 generis
319 3375 357 3416 ex
385 3357 520 3436 proximo
548 3374 669 3417 nemore
696 3365 870 3436 persecutae
893 3353 998 3416 ibidem
1025 3354 1081 3415 dis·

20 3515 29 3534 „
83 3451 262 3524 corpsernnt.
283 3439 327 3502 Eu
342 3459 415 3502 vero
437 3448 539 3518 nocte,
564 3444 609 3502 cui
627 3441 730 3502 inluxit
750 3441 812 3502 dies
833 3441 946 3521 caedis,
970 3442 1081 3519 etipse

82 3527 135 3589 sibi
157 3529 237 3589 risum
257 3533 303 3587 est
334 3544 389 3606 per
411 3526 535 3606 quietem
560 3527 701 3589 interdum
722 3544 808 3609 supra
831 3526 923 3588 nubes
946 3527 1082 3600 volitare,

130 3633 286 3676 scsrornus.
856 3613 875 3676 3
