2468 3912
506 237 610 286 ornus
634 237 760 286 ructus.
1057 292 1058 296 ,
1093 229 1133 287 at

137 402 197 472 tus,
219 392 380 472 supplicem
399 394 435 454 ad
456 412 487 453 se
508 395 630 473 recepit.
664 393 859 454 Alexandriae
882 397 961 455 circa
984 407 1175 474 oppugna-64

136 479 244 538 tionem
258 479 354 557 pontis
367 479 519 556 eruptione
531 477 655 537 hostium
670 477 763 538 subita
776 478 932 558 conpulsus
946 479 975 539 in
987 477 1133 558 scapham,

136 561 266 642 pluribus
294 560 397 620 eodem
423 562 693 642 praecipitantibus,
725 580 788 622 cum
813 562 960 623 desilisset
986 565 1016 621 in
1044 580 1133 639 mare,

136 645 230 707 nando
247 645 456 724 perducentes
474 664 576 724 passus
590 648 681 706 evasit
697 645 732 705 ad
749 648 907 725 proximam
921 665 1040 723 navem,
1059 647 1135 707 elata

114 730 237 806 claena,
260 748 296 788 ne
323 728 414 788 libelli
442 747 515 810 quos
544 728 660 790 tenebat
680 728 883 808 madefierent,
906 731 1135 811 paludamentum

136 814 282 874 mordicus
297 813 430 889 trahens,
446 832 482 874 ne
499 814 595 895 spolio
612 823 763 894 poteretur
777 814 879 875 hostis.

196 897 316 959 Militem
336 915 429 976 neque
450 898 615 958 amoribus
639 916 733 978 neque
755 917 772 958 a
793 898 886 960 forma
902 899 1060 978 probabat,
1082 897 1134 958 sed
1143 905 1176 958 65

136 991 271 1044 tantuma
289 980 408 1058 viribus,
426 982 623 1063 tractabatque
639 985 701 1062 pari
713 984 869 1043 severitate
883 993 967 1062 atque
985 982 1134 1060 indulgen·

137 1069 184 1128 tia.
218 1065 284 1126 Nou
300 1069 375 1125 enim
390 1064 496 1145 ubique
512 1085 545 1128 ac
562 1085 692 1146 semper,
705 1065 757 1126 sed
773 1063 837 1126 cum
847 1067 940 1126 hostis
956 1069 985 1127 in
1000 1069 1133 1147 proximo

102 1160 233 1227 uocaset,
254 1148 424 1210 coercebat:
445 1159 504 1210 tum
520 1153 641 1212 maxime
661 1161 783 1212 exactor
799 1153 987 1229 grauissimus
1006 1151 1134 1230 discipli·

135 1254 208 1313 nac,
224 1243 255 1294 ut
270 1253 364 1314 neque
380 1235 490 1295 itineris
505 1254 599 1315 neque
616 1235 722 1315 proelii
739 1245 851 1315 tempus
869 1235 1065 1312 denuntiaret,
1082 1234 1134 1293 sed

135 1328 265 1400 paratum
281 1328 310 1378 et
321 1321 457 1378 intentum
472 1322 623 1380 momentis
637 1319 767 1381 omnibus
782 1338 839 1399 quo
856 1319 947 1380 uellet
959 1318 1054 1379 subito
1067 1317 1133 1378 cdu·

138 1413 229 1464 oeret.
260 1401 345 1478 Quod
361 1405 445 1463 etiam
460 1405 522 1464 sine
538 1422 623 1464 cansa
636 1405 803 1484 plerumque
816 1403 959 1481 iaciebat,
975 1403 1134 1483 praecipue

136 1489 242 1568 pluviis
259 1496 289 1546 et
302 1488 385 1547 iestis
402 1486 512 1548 dicbus.
548 1489 594 1548 Ac
610 1488 745 1566 subinde,
763 1488 973 1550 observandum
988 1506 1021 1548 se
1038 1486 1133 1548 admo-

100 1590 225 1650 rsncns,
247 1580 368 1650 repente
383 1572 505 1633 interdiu
525 1573 574 1632 vel
590 1582 678 1634 nocte
700 1592 732 1634 se
748 1572 934 1634 subtrahebat
951 1571 1133 1651 augebatque

137 1658 210 1732 iter,
232 1664 263 1715 ut
283 1657 375 1715 serius
398 1657 600 1737 subsequentis
626 1658 809 1736 defatigaret.
841 1657 928 1718 Fama
950 1674 1021 1717 vero
1043 1655 1176 1718 hosti-oo

137 1740 205 1800 lium
223 1740 370 1818 copiarum
384 1744 556 1820 perterritos
571 1760 629 1802 non
644 1742 777 1820 negando
793 1742 1002 1819 minuendave,
1025 1739 1078 1801 sed
1092 1741 1132 1798 in·

138 1841 226 1902 super
242 1823 442 1902 amplificando
459 1826 698 1905 ementiendoque
716 1825 913 1887 confirmabat.
952 1825 1054 1904 ltaque
1071 1840 1134 1883 cum

138 1909 305 1986 expectatio
321 1907 459 1968 adventus
471 1908 559 1970 lubae
570 1911 707 1970 terribilis
719 1917 811 1987 esset,
829 1912 999 1971 convocatis
1014 1909 1050 1969 ad
1066 1925 1133 1967 con-

99 1993 245 2052 actionem
261 1990 396 2051 militibus
412 1991 545 2068 Scitote,
564 1995 670 2072 inquit,
684 1994 883 2071 paucissimis
897 1989 945 2052 ute
960 1992 1069 2053 diebos
1083 2008 1132 2050 rc·

134 2093 202 2156 pem
223 2073 402 2154 adfuturum
423 2095 490 2136 cum
511 2077 614 2137 decem
633 2076 819 2156 leqionibuc,
843 2077 974 2156 equitum
993 2075 1131 2154 tripintu,

135 2159 212 2220 levio
225 2166 405 2222 armaturae
416 2168 531 2221 centum
541 2160 680 2237 milibus,
693 2161 863 2238 elephantie
876 2160 1027 2221 trecentis.
1055 2157 1132 2218 Pro·

134 2241 207 2304 inde
230 2244 373 2306 desinont
392 2245 516 2325 quidem
537 2263 687 2325 quaerere
707 2245 792 2305 altro
812 2252 868 2306 oct
882 2243 1022 2322 opinari,
1044 2242 1130 2303 mibi-

136 2346 210 2408 que,
227 2329 279 2409 qui
293 2335 477 2408 compertam
492 2330 607 2406 habeo,
622 2329 770 2400 credaut‚·
786 2327 975 2408 quiquidem
991 2329 1130 2389 aecusat-

100 2433 126 2474 as
136 2413 216 2473 simo
230 2429 310 2473 noae
324 2413 484 2491 impositos
499 2433 687 2494 quocumque
701 2419 789 2475 acuto
803 2413 836 2474 in
850 2430 1056 2494 quoecumque
1071 2419 1130 2474 ter-

135 2514 193 2557 roe
210 2495 319 2558 iubebo
335 2497 434 2558 ecclei.

199 2579 312 2641 Delicta
332 2601 426 2661 neque
448 2581 623 2643 observabat
647 2585 740 2643 omnia
759 2601 853 2662 neque
875 2601 929 2662 pro
944 2582 1030 2642 modo
1048 2599 1130 2640 exse·
1141 2586 1173 2641 67

137 2664 291 2743 quebatur,
312 2665 365 2726 sed
389 2665 569 2727 desertorum
588 2685 622 2727 ac
646 2666 850 2727 seditiosorum
877 2677 906 2726 et
930 2668 1083 2747 inquisitor
1103 2672 1132 2722 et

137 2749 252 2828 punitor
275 2753 447 2828 acerrimus,
470 2750 624 2811 conivebat
644 2753 672 2810 in
697 2753 813 2812 ceteris.
857 2752 903 2811 Ac
923 2765 1132 2825 nonnumquam

100 2842 205 2912 sopost
223 2851 354 2912 magnam
373 2853 498 2915 pugnam
521 2845 606 2914 atque
628 2837 794 2913 victoriam,
819 2837 942 2895 remisso
969 2833 1132 2894 ciliciorum

135 2935 269 2995 munere,
299 2918 442 2980 licentiam
469 2938 581 2980 omnem
607 2922 713 2999 passim
739 2918 908 2981 lasciviendi
937 2914 1130 2998 permittebat,

135 3003 244 3062 iactare
270 3002 388 3082 solitus,
413 3004 523 3066 milites
546 3020 621 3066 suos
646 3005 735 3064 etium
758 3009 960 3083 unquentotoc
981 3000 1057 3062 bene
1072 3019 1128 3078 pc·

133 3103 233 3165 qnare
243 3105 347 3166 posce.
392 3087 455 3150 Nee
477 3089 581 3148 milites
599 3106 651 3148 eos
666 3107 720 3168 pro
738 3090 892 3164 contione,
912 3086 964 3146 sed
979 3083 1130 3145 blandiore

134 3170 249 3231 nomine
269 3173 542 3233 commilitones
559 3171 739 3252 appellabat,
760 3170 941 3249 habebatque
962 3179 1018 3231 tam
1036 3169 1130 3230 cultos

102 3263 165 3314 tsut
178 3264 299 3331 argento
316 3265 346 3315 et
361 3274 431 3317 auro
446 3257 544 3336 politis
559 3258 644 3317 armis
660 3265 791 3333 ornaret,
808 3255 890 3316 simul
906 3264 935 3314 et
949 3254 984 3316 ad
1001 3255 1130 3335 speciem

135 3347 164 3398 et
184 3357 240 3417 quo
262 3341 426 3401 tenaciores
448 3359 548 3401 eorum
566 3343 594 3400 iu
609 3341 723 3420 proelio
739 3348 837 3400 essent
854 3349 930 3400 metu
945 3340 1047 3401 damni.
1082 3337 1129 3398 Di-

134 3421 246 3499 ligebat
262 3441 377 3504 quoquc
394 3426 584 3504 usqueadeo,
600 3434 631 3485 ut
645 3425 739 3486 audita
756 3424 837 3486 clade
853 3425 996 3486 Tituriana
1013 3422 1131 3484 barbam

135 3507 327 3588 capillumque
342 3511 514 3570 summiserit
528 3529 583 3570 nec
598 3520 663 3572 ante
677 3510 834 3592 dempserit
850 3529 933 3592 quam
945 3508 1130 3570 vindicasset.
