2468 3912
133 199 174 258 44
218 209 248 256 c.
264 209 413 257 snnrom
429 208 555 266 unaue.
571 209 619 255 nn
632 207 716 255 vrrn
730 205 912 254 cunsnnuu
924 206 993 253 nnn.
1009 206 1046 254 11.

134 383 199 425 num
214 364 308 424 lacurn
320 367 407 441 mari,
430 365 536 424 ellecit.
565 361 598 423 ln
613 381 669 442 quo
689 380 753 422 oum
775 361 869 421 hieme
886 369 946 421 tota
961 363 1062 440 copias
1083 381 1134 422 ex·

135 449 294 524 arcuisset,
327 449 494 528 Pompeium
517 450 592 507 inter
610 446 704 522 blylas
724 454 754 505 et
772 444 952 505 Naulochum
970 447 1134 524 superarit,

133 531 186 591 sub
202 530 302 592 boram
321 550 436 611 pugnae
452 541 509 592 tam
529 540 590 592 arto
606 538 730 608 repente
745 545 844 590 somno
861 528 1028 607 devinctus,
1049 538 1081 588 ut
1096 529 1134 590 ad

134 614 257 676 dandum
276 617 388 693 signum
403 615 438 677 ab
460 617 559 676 amicis
575 616 760 675 excitaretur.
796 612 879 674 Unde
895 613 1056 692 praebitam
1071 613 1132 674 An·
1208 615 1216 630 ”

133 700 212 760 tonio
229 701 376 760 materiam
387 710 484 798 puteqn
499 697 711 778 exprobrandi,
730 697 877 760 narsetis
894 695 1014 776 quidem
1029 697 1153 758 ocultae

134 801 201 843 enm
216 784 359 862 aspicere
370 789 512 862 potnssse
524 783 706 844 instructam
721 782 835 858 acina,
857 797 963 842 oerum
975 781 1132 860 supinum,

133 867 252 928 caelum
266 866 443 945 intuentem,
457 867 611 946 stupidum
626 866 784 944 cubuisse,
800 884 856 928 nec
866 865 959 943 prius
972 866 1132 928 surrexis-

133 969 168 1011 se
181 968 221 1012 oc
233 951 380 1014 reditibus
395 953 426 1013 r'n
440 957 636 1030 conspectum
652 951 773 1012 venisse
784 967 876 1030 quarn
896 967 917 1010 a
930 948 972 1010 n.
986 947 1134 1030 Aprippa

53 1061 59 1106 2
131 1034 261 1114 separas
275 1037 458 1128 sintqostinm
478 1053 584 1098 uncae.
615 1034 674 1095 Alii
690 1035 796 1095 dictum
809 1034 972 1114 factumque
993 1035 1055 1094 eius
1074 1039 1131 1095 ori·
1209 1039 1213 1052 “

135 1121 289 1197 minantur,
311 1123 391 1201 quasi
413 1120 554 1182 classibus
574 1128 746 1199 tempestate
764 1119 885 1198 perditis
910 1119 1131 1198 exclamaverit,
1143 1130 1167 1174 1⁸

136 1204 227 1266 etiarn
247 1204 343 1266 incito
362 1202 502 1284 Neptuno
522 1204 685 1266 victorium
706 1221 741 1264 se
754 1203 952 1282 adepturum,
970 1221 1004 1264 ac
1015 1203 1062 1263 die
1074 1205 1132 1264 cir·

136 1291 263 1350 censium
277 1291 409 1369 proximo
425 1289 558 1350 sollemni
567 1306 691 1369 pompae
706 1288 886 1349 simulacrum
901 1288 948 1348 dei
961 1287 1131 1349 detraxerit.

134 1373 198 1434 Nec
218 1383 328 1434 temere
348 1373 432 1453 plura
454 1391 488 1434 ae
507 1375 616 1434 maiora
637 1372 768 1452 pericula
794 1371 853 1432 ullo
872 1373 928 1433 alio
952 1370 1032 1432 bello
1052 1372 1131 1433 adiit.

136 1458 272 1518 Traiecto
286 1460 314 1516 in
329 1457 456 1518 Siciliam
470 1459 609 1537 exercitu,
625 1465 812 1537 rumpentem
827 1455 967 1537 reliquam
982 1457 1131 1536 copiarum

133 1542 290 1601 continenti
303 1549 464 1620 repeteret,
478 1558 638 1621 oppressus
656 1543 854 1620 exinproviso
871 1559 888 1601 a
900 1540 1083 1601 Demochare
1100 1550 1130 1602 et
1140 1555 1164 1598 ιε

132 1623 339 1703 Apollophane
355 1624 512 1702 praefectis
530 1625 663 1705 Pompei,
683 1643 739 1686 uno
760 1624 872 1686 demum
891 1626 1008 1704 navigio
1024 1642 1128 1704 aeger·

132 1710 203 1768 rime
218 1707 328 1784 effugit.
347 1707 453 1768 lterum
469 1727 532 1770 cnm
546 1718 664 1787 praeter
677 1709 786 1770 Locros
799 1709 921 1787 Regium
936 1708 1059 1789 pedibus
1073 1712 1130 1771 iret

122 1801 163 1852 er
178 1793 344 1870 prospectis
366 1791 522 1854 biremibus
537 1793 719 1872 Pompeianis
736 1803 842 1855 terram
859 1793 1041 1872 legentibus,
1061 1813 1129 1854 suas

132 1883 228 1953 nanus,
244 1875 443 1938 descendisset
456 1876 491 1938 ad
507 1877 588 1956 litus,
604 1895 698 1957 paene
713 1887 855 1957 exceptus
870 1886 924 1938 est.
946 1878 1027 1940 Tunc
1043 1881 1129 1940 etiam

133 1978 185 2040 per
201 1959 302 2021 devios
323 1963 451 2024 tramites
465 1961 658 2039 refugientem
679 1981 782 2022 servus
795 1962 901 2023 Aemili
915 1962 994 2024 Pauli
1015 1965 1162 2023 comitisa

132 2047 208 2122 eius,
224 2044 326 2106 dolens
339 2047 533 2126 proscriptum
554 2046 621 2107 olim
641 2046 676 2108 ab
692 2065 728 2107 eo
745 2056 857 2125 patrem
870 2046 987 2108 Paulum
1002 2055 1032 2107 ct
1047 2049 1128 2127 quasi

132 2131 288 2190 occasione
308 2129 423 2191 ultionis
438 2130 556 2210 oblata,
580 2132 747 2192 interlicere
763 2141 883 2193 conatus
903 2140 957 2192 est.

193 2214 263 2274 Post
290 2214 410 2296 Pompei
438 2216 536 2294 iugum
562 2215 742 2293 collegarum
768 2215 888 2276 alterurn
913 2216 951 2277 bl.
978 2216 1127 2297 Lepidum,
1215 2269 1219 2286 ‚

131 2315 215 2377 quem
236 2317 274 2358 ex
288 2298 389 2360 Africa
411 2301 440 2360 in
461 2300 594 2361 amilium
614 2307 768 2377 evocarat,
789 2298 1006 2380 superbientem
1026 2302 1128 2379 viginti

130 2380 276 2458 legionum
297 2383 400 2444 fiducia
420 2402 600 2464 summasque
615 2385 671 2445 sibi
687 2392 786 2463 partes
799 2393 913 2445 terrore
928 2394 957 2446 et
971 2387 1053 2445 minis
1067 2387 1161 2449 vin-nc

131 2463 273 2524 dicantem
296 2467 432 2545 spoliavit
450 2471 580 2529 exercitu
595 2467 813 2549 supplicemque
829 2487 971 2530 concessa
991 2471 1049 2530 rita
1065 2467 1126 2530 Cir·

133 2549 213 2608 ceios
229 2550 257 2607 in
274 2560 446 2630 perpetuum
460 2553 615 2631 relegavit.

89 2633 120 2689 17
192 2631 231 2693 Μ.
247 2633 365 2696 Antonii
380 2639 550 2699 societatem
566 2656 683 2717 semper
697 2638 810 2700 dubiam
826 2647 855 2698 et
869 2641 1007 2700 incertam
1023 2654 1126 2697 recon-

129 2717 377 2799 ciliationibusque
392 2723 480 2782 variis
494 2721 570 2782 male
586 2722 733 2784 focilatam
748 2722 862 2802 abrupit
878 2723 1007 2799 tandem,
1024 2729 1053 2781 et
1069 2738 1126 2800 quo

127 2805 220 2879 magis
237 2803 436 2882 degenerasse
452 2823 516 2865 eum
531 2824 547 2866 a
564 2806 641 2866 civili
658 2825 740 2868 more
755 2806 948 2887 approbaret,
970 2815 1124 2867 testamen·
1134 2828 1160 2870 aa

127 2894 195 2964 tum,
211 2887 288 2966 quod
302 2889 327 2947 is
341 2889 462 2967 Rornae,
479 2891 563 2950 etiam
578 2890 615 2951 dc
624 2889 781 2971 Cleopatra
795 2891 896 2952 liberis
911 2893 986 2952 inter
1001 2888 1127 2950 heredes

127 2973 314 3052 nuncupatis,
336 2971 509 3052 reliquerat,
532 2975 719 3054 aperiundum
737 2975 972 3055 recitandumque
987 2993 1041 3055 pro
1058 2991 1125 3036 con·

127 3055 206 3114 tione
225 3059 345 3118 curarit.
387 3057 508 3119 Remisit
531 3067 624 3119 tamen
644 3059 720 3120 hosti
747 3059 872 3122 iudicato
895 3059 1126 3120 necessitudines
1206 3102 1213 3114 .

128 3139 293 3218 nuncusque
308 3159 426 3220 omnes,
446 3150 532 3222 atquc
549 3144 623 3203 inter
638 3144 710 3204 alios
727 3141 760 3204 0.
778 3144 892 3205 Sosium
913 3154 943 3205 et
958 3145 992 3206 Τ.
1007 3143 1126 3204 Domiti·

127 3238 172 3280 um
184 3229 251 3280 tnnc
265 3224 357 3287 adhuc
371 3226 517 3287 consules.
534 3226 763 3288 Bononiensibus
775 3247 890 3309 quoque
904 3228 1033 3308 publice,
1049 3225 1160 3307 quodss

126 3306 155 3362 in
168 3302 358 3368 Antoniorum
374 3309 510 3372 clientela
524 3314 676 3391 antiquitus
690 3321 786 3389 crant,
808 3315 931 3390 gratiam
944 3313 1016 3373 iecit
1029 3312 1125 3372 coniu-

125 3386 210 3446 randi
230 3404 293 3447 cmn
314 3398 375 3451 tota
389 3393 473 3454 ltalia
488 3410 541 3473 pro
563 3394 691 3474 partibus
710 3398 777 3456 suis.
810 3395 874 3457 Nec
888 3397 977 3457 multo
994 3405 1062 3476 post
1076 3412 1125 3455 na-

127 3469 186 3531 vali
202 3469 317 3549 proelio
334 3473 408 3551 apud
424 3475 538 3536 Actium
556 3480 640 3556 vicit,
662 3480 689 3538 in
706 3497 802 3539 serum
817 3479 998 3541 dImicatione
1013 3487 1125 3559 protra-
