2466 3896
499 231 670 280 11111111.
1020 221 1076 281 111

87 391 136 450 bat
160 385 269 464 accipi,
292 385 466 466 dicebatque
485 386 657 446 identidem:
680 385 824 466 Oderint,
848 388 919 448 dum
929 386 1081 468 probent!

88 477 160 536 Dein
174 489 243 532 vera
260 469 347 550 plane
363 479 501 550 certaque
514 489 580 531 esse
595 473 660 550 ipse
673 473 742 532 iecit
757 472 850 532 fidem.
995 538 998 544 ,

148 559 180 619 ln
196 556 295 635 paucis
311 554 412 614 diebus
429 573 512 634 quam
529 553 657 633 Capreas
675 557 768 634 attigit
783 560 938 636 piscatori,
962 559 1008 637 qui
1025 557 1125 626 sibico

89 650 231 706 secretum
248 641 344 718 agenti
360 639 499 716 grandem
512 639 627 699 mullum
642 641 823 719 inopinanter
839 641 1000 718 obtulerat,
1015 661 1081 721 per·

67 726 186 793 africani
207 723 309 785 eodem
330 725 413 802 pisce
434 723 539 784 faciem
561 725 657 802 iussit,
673 726 806 802 territus,
826 726 904 805 quod
925 729 950 785 is
965 745 982 786 a
996 735 1082 804 tergo

88 811 198 873 insulae
215 827 268 888 per
284 825 389 886 aspera
401 816 429 867 et
445 807 527 868 devia
540 811 699 887 erepsisset
711 808 747 869 ad
758 828 805 879 se;
823 811 977 887 gratulanti
990 821 1084 872 autem

88 900 162 957 inter
178 909 312 974 poenam,
329 891 405 972 quod
422 909 479 952 non
495 901 524 952 et
539 893 694 970 lucustam,
711 910 794 973 quam
811 894 1019 972 praegrandem
1036 915 1083 956 ce·

14 1049 16 1051 ,
60 1029 63 1036 .
90 988 186 1062 perat,
208 977 373 1054 obtulisset,
389 975 501 1037 lucusta
517 993 631 1057 quoque
646 978 768 1038 lacerari
785 994 819 1037 os
835 981 996 1057 imperavit.
1032 981 1082 1040 bli-

14 1055 28 1097 *
89 1067 167 1126 litem
182 1061 395 1141 praetorianum
410 1059 447 1120 ob
460 1060 626 1140 subreptum
641 1080 657 1121 e
672 1061 817 1121 viridiario
834 1080 976 1140 pavonem
989 1064 1084 1140 capite

53 1149 188 1230 sopuniit.
219 1145 252 1206 ln
272 1144 393 1225 quodam
411 1144 513 1206 itinere
535 1145 655 1223 lectica,
677 1164 732 1224 qua
749 1145 924 1222 vehebatur,
945 1147 1084 1225 vepribus

87 1231 241 1313 impedita,
270 1229 485 1307 exploratorem
510 1231 593 1308 viae,
628 1230 781 1308 primarum
804 1229 964 1291 cohortium
987 1240 1084 1289 centn-

88 1319 215 1392 monem,
242 1321 359 1373 stratum
377 1311 453 1371 humi
474 1332 567 1392 paene
588 1314 623 1374 ad
645 1332 747 1374 necem
766 1313 941 1375 verberavit.
971 1312 1041 1374 blox
1056 1317 1124 1381 1161

90 1421 173 1462 omne
189 1415 281 1477 genus
298 1395 474 1456 crudelitatis
490 1399 600 1476 erupit,
619 1416 769 1477 numquam
787 1399 940 1459 deficiente
954 1399 1084 1475 materia,

14 1539 17 1558 ,
90 1503 153 1548 cum
167 1484 257 1562 primo
270 1482 385 1557 matris,
402 1480 505 1542 deinde
519 1491 657 1560 nepotum
673 1491 702 1542 et
713 1502 811 1562 nurus,
824 1492 972 1563 postremo
988 1483 1090 1543 Seiani·

51 1593 79 1634 15
87 1568 246 1631 familiares
261 1573 346 1644 atque
364 1566 448 1626 etiam
461 1575 547 1627 notos
563 1578 801 1647 persequeretur;
823 1577 889 1648 post
906 1570 985 1628 cuius
1000 1569 1085 1628 inter·

89 1655 159 1714 itum
176 1650 224 1711 vel
240 1649 424 1711 saevissimus
440 1653 541 1712 extitit.
573 1652 637 1727 Quo
653 1655 775 1713 maxime
790 1653 939 1732 apparuit,
955 1670 1013 1712 non
1029 1662 1086 1712 tam

88 1740 183 1818 ipsum
204 1733 240 1794 ab
258 1734 364 1794 Seiano
381 1737 519 1796 concitari
534 1735 665 1813 solitum,
687 1755 770 1816 qoam
788 1739 921 1798 Seianum
936 1737 1086 1816 quaerenti

14 1811 19 1830 ⁸
90 1821 263 1883 occasiones
286 1819 537 1890 sumministrasse;
563 1823 616 1881 etsi
633 1825 853 1898 commentario,
877 1838 961 1900 quem
977 1821 1013 1880 de
1028 1821 1087 1881 vita

90 1923 141 1966 sua
167 1904 322 1964 summatim
346 1901 530 1982 breviterque
556 1907 731 1984 composuit,
764 1924 849 1964 ausus
875 1914 918 1964 est
944 1904 1085 1980 scribere,

51 2015 79 2058 20
89 1988 237 2050 8111111111
262 2003 297 2045 cc
318 1986 460 2066 punisse,
484 1987 566 2066 quod
584 1989 782 2067 comperisset
802 1987 909 2066 faurere
935 1988 1087 2047 aduersus

88 2071 206 2135 liberos
222 2069 399 2132 comantes
416 2069 476 2147 filit
490 2070 556 2130 sui:
583 2089 702 2150 qnorum
723 2074 787 2150 ipse
808 2071 929 2132 alterum
948 2079 1085 2150 suspecto

14 2185 27 2234 p
89 2159 159 2235 iam,
175 2156 294 2216 alterum
313 2170 458 2232 oppresso
475 2153 586 2215 demum
600 2157 705 2216 Seiano
723 2156 874 2214 interemit.

154 2240 327 2317 Singillatim
349 2238 502 2299 crudeliter
524 2239 600 2300 lacta
620 2241 680 2301 eius
698 2242 803 2319 exequi
819 2239 936 2316 longum
952 2249 1011 2300 est:
1035 2258 1086 2317 gc·

90 2344 178 2402 nera,
194 2325 273 2385 velut
289 2323 466 2402 exemplaria
481 2324 629 2401 saevitiae,
645 2341 813 2384 enumerare
829 2333 872 2384 sat
888 2326 951 2384 erit.
984 2323 1087 2384 Nullus

56 2429 108 2479 25a
135 2426 230 2489 poena
252 2407 395 2468 hominum
422 2409 546 2469 cessavit
572 2408 649 2486 dies,
677 2427 713 2468 ne
736 2408 893 2486 religiosus
914 2409 1028 2488 quidem
1052 2426 1088 2469 ac

14 2517 15 2530 ¹
91 2512 191 2562 sacer;
210 2492 437 2553 animadversum
452 2493 481 2552 in
496 2493 635 2571 quosdam
650 2494 765 2553 ineunte
781 2509 855 2553 anno
869 2510 955 2553 novo.
991 2493 1087 2554 Accu·

14 2591 20 2619 ·
92 2580 146 2638 1111
160 2576 340 2655 damnatique
361 2577 441 2637 multi
464 2595 526 2637 cum
547 2578 660 2637 libertis
681 2586 766 2657 atque
790 2578 874 2638 etiam
896 2577 996 2638 liberis
1018 2578 1085 2638 suis.

90 2660 275 2722 Interdictum
293 2679 330 2720 ne
351 2663 445 2740 capite
461 2660 609 2722 damnatos
626 2661 779 2741 propinqui
794 2661 937 2739 lugerent.
960 2661 1087 2721 Decreta

91 2744 310 2807 accusatoribus
328 2745 484 2823 praecipua
507 2746 652 2824 praemia,
674 2763 884 2825 nonnumquam
905 2755 934 2806 ct
955 2744 1086 2805 testibus.

56 2829 205 2891 ooNemini
226 2826 385 2889 delatorum
406 2828 478 2889 fides
491 2829 641 2908 abrogata.
673 2829 763 2890 Omne
779 2832 885 2890 crimen
902 2846 955 2908 pro
973 2825 1088 2906 capitali

90 2920 257 2992 receptum,
281 2914 366 2974 etiam
387 2929 543 2992 paucorum
563 2913 791 2994 simpliciumque
810 2913 974 2974 verborum.
1002 2909 1087 2971 Obie·

92 3007 167 3060 ctum
191 3004 235 3056 est
257 3006 380 3076 poetae,
401 2998 478 3076 quod
493 3000 521 3057 in
542 2999 694 3076 tragtedia
710 2998 956 3076 Agamemnonem
973 2994 1088 3074 probris

14 3139 17 3148 ,
91 3083 276 3151 11111111111;
292 3081 436 3141 obiectum
454 3090 483 3141 ct
497 3082 654 3159 historico,
676 3082 753 3162 qnod
767 3082 883 3141 Brutum
901 3079 1088 3158 Cassiumque

90 3166 207 3226 ultimos
221 3166 414 3226 Romanorum
435 3165 570 3236 dixisset:
597 3165 824 3227 animadversum
839 3167 933 3225 statim
948 3165 976 3223 in
990 3171 1088 3224 aucto·

56 3264 141 3311 aeres
165 3250 332 3329 scriptaque
357 3249 488 3328 abolita,
516 3251 645 3329 quamvis
670 3248 862 3329 probarentur
889 3257 954 3309 ante
978 3247 1089 3326 aliquot

91 3351 200 3410 annos,
222 3336 306 3394 etiam
325 3334 458 3412 Augusto
480 3335 612 3396 audiente
632 3335 762 3394 recitata.
794 3333 968 3410 Quibusdam
993 3340 1089 3392 custo·

14 3475 25 3517 ,
92 3418 156 3479 diae
169 3418 279 3478 traditis
293 3436 351 3479 non
365 3419 451 3480 modo
464 3419 595 3480 studendi
605 3419 737 3481 solatium
752 3418 924 3498 ademptum,
939 3417 991 3478 sed
1006 3417 1090 3477 etiam

17 3520 47 3592 ³,
92 3502 235 3565 sermonis
259 3511 287 3563 11
309 3501 444 3585 conloqui
468 3522 545 3565 usus.
577 3501 663 3567 Citati
678 3502 713 3564 ad
731 3521 844 3566 causam
861 3502 1008 3565 dicendam
1025 3517 1089 3579 par·
