2450 3910
541 193 644 242 nuno.
1030 181 1085 244 181

92 369 186 436 neque
202 368 237 411 eo
253 350 343 410 setius
361 359 515 410 coronatus
531 358 585 410 est.
613 349 768 410 Decedens
783 348 887 409 deinde
906 349 1088 428 provinciam

92 440 254 499 universam
268 434 400 494 libertate
416 433 543 510 donavit,
557 435 697 513 simulque
707 432 819 493 iudices
833 435 947 495 civitate
957 433 1085 495 Romana

3 569 10 589 ,
93 531 121 583 et
136 521 258 600 pecnnia
273 517 384 596 grandi.
429 519 510 593 Quae
527 518 669 580 beneficia
690 536 707 577 e
729 517 823 578 medio
847 518 938 579 stadio
954 518 1086 579 Isthmio·

93 624 153 666 rum
170 603 216 664 die
232 622 282 664 sua
297 603 361 681 ipse
376 620 452 662 voce
467 604 671 682 pronuntiavit.

17 709 25 770 ς
72 709 84 749 c
154 689 301 750 Reversus
316 705 333 746 e
351 684 472 747 Graecia
488 685 651 765 Neapolim,
669 685 746 764 quod
759 687 788 744 in
805 704 840 746 ea
856 688 976 765 primum
996 697 1128 754 artemas

95 773 263 854 protulerat,
287 769 360 832 albis
381 771 464 850 equis
484 772 600 848 introiit,
626 771 748 832 disiecta
770 778 853 848 parte
877 772 960 849 muri,
976 780 1005 831 ut
1024 790 1087 832 mos

94 858 304 918 hieronicarum
322 864 380 923 est:
402 855 486 914 simili
507 855 593 916 modo
608 855 738 930 Antium,
758 853 824 912 inde
843 853 999 932 Albanum,
1022 857 1088 916 inde

93 944 226 1010 Romam;
243 938 338 999 sedet
354 939 473 1000 Romam
491 956 526 999 eo
549 957 642 1017 curru,
663 957 720 1018 quo
734 937 883 1015 Augustus
904 939 971 998 olim
993 942 1086 1000 trium·

94 1027 243 1106 pbaverat,
260 1033 289 1083 et
303 1025 331 1082 in
345 1033 428 1084 reste
445 1042 590 1103 purpurea
607 1024 797 1100 distinctaque
813 1023 906 1081 stellis
920 1024 1016 1083 aureis
1030 1025 1087 1084 cla-

63 1110 178 1185 nmine,
201 1125 394 1186 coronamque
411 1109 506 1187 capite
525 1127 632 1186 gerens
648 1107 858 1186 Olympiacam,
880 1106 982 1166 dextra
1004 1125 1088 1168 mann

94 1195 231 1270 Pythiam,
251 1200 408 1271 praecoma
424 1210 530 1271 pompa
546 1201 706 1252 ceterarum
723 1210 785 1250 curn
800 1191 899 1267 titulis,
915 1191 963 1250 ubi
974 1199 1004 1269 et
1014 1209 1087 1270 quos

94 1295 151 1358 quo
167 1277 327 1337 cantionum
343 1293 438 1355 quove
452 1275 610 1336 fabularum
623 1285 791 1354 argumento
805 1276 938 1345 vicisset;
965 1288 1086 1354 sequen-

94 1363 168 1422 tibus
185 1379 297 1420 currum
315 1361 458 1420 ovantium
472 1361 526 1419 ritu
545 1359 739 1438 plausoribus,
755 1358 952 1438 Augustianos
969 1359 1086 1418 milites·
1150 1389 1155 1412 ;

95 1465 150 1526 que
171 1463 203 1504 se
225 1443 359 1522 triumphi
390 1444 451 1503 eius
479 1444 697 1504 clamitantibus.
754 1443 875 1522 Dehinc,
897 1443 992 1503 diruto
1017 1445 1088 1503 circi

61 1541 85 1582 1⁵
95 1529 207 1589 maximi
223 1546 302 1604 arcu,
319 1545 372 1607 per
388 1527 544 1589 Velabrum
560 1528 711 1607 lorumque
725 1528 862 1591 Palatium
879 1537 908 1588 et
918 1527 1088 1607 Apollinem

95 1614 175 1693 petit.
218 1611 366 1673 incedenti
388 1615 495 1692 passim
521 1607 653 1674 victimae
681 1631 785 1673 caesae
815 1632 918 1694 sparso
946 1612 1088 1693 pervias
1131 1628 1132 1632 ’

94 1696 246 1759 identidem
270 1714 369 1772 croco,
393 1697 585 1777 ingestaeque
607 1716 677 1758 ares
699 1715 734 1758 ac
755 1698 885 1759 lemnisci
908 1707 937 1757 et
957 1695 1087 1757 bellaria.

94 1783 198 1842 Sacrae
216 1797 340 1841 coronas
356 1781 384 1839 in
400 1779 539 1842 cubiculis
562 1784 668 1842 circum
690 1782 785 1842 lectos
808 1785 920 1862 posuit,
943 1784 1011 1842 item
1032 1790 1087 1841 sta·

3 1875 13 1892 ²
94 1875 155 1926 illas
172 1882 237 1925 suas
253 1864 450 1926 citharoedico
465 1864 561 1926 habitu
577 1866 648 1946 (qua
664 1874 732 1926 nota
751 1868 836 1926 etiam
860 1883 1000 1926 nummum
1023 1884 1087 1944 per·
1100 1887 1139 1922 a..
1159 1913 1166 1924 e
1182 1883 1220 1932 ἰζ-

57 1959 84 2001 20
94 1949 209 2026 cussit.)
253 1947 299 2007 Ac
314 1956 380 2027 post
398 1948 471 2008 haec
486 1958 592 2010 tantum
610 1950 680 2010 aluit
694 1950 891 2010 aremitlendo
905 1948 1087 2029 laxandoque

93 2033 199 2109 studio,
217 2041 246 2091 ut
263 2031 480 2092 conservandae
495 2035 578 2093 vocis
592 2033 685 2111 gratia
705 2052 799 2112 neque
821 2033 925 2094 milites
946 2051 1087 2111 umquam,

93 2118 148 2177 nisi
171 2116 276 2176 absens
296 2126 343 2176 aut
365 2116 423 2176 alio
447 2117 536 2178 verba
564 2118 776 2196 pronuntiante,
805 2117 968 2197 appellaret
992 2133 1087 2196 neque

93 2203 245 2283 quicquam
262 2202 339 2261 serio
355 2201 459 2260 locove
476 2202 579 2279 egerit,
596 2201 650 2260 nisi
665 2209 775 2261 astante
788 2199 948 2279 phonasco,
964 2203 1011 2279 qui
1028 2219 1086 2260 mo·

93 2295 187 2361 neret,
205 2291 355 2364 parceret
375 2284 501 2346 arteriis
522 2302 561 2346 ac
580 2284 742 2346 sudarium
769 2285 812 2345 ad
830 2303 865 2346 oa
891 2285 1066 2364 applicaret
1072 2310 1087 2355 ;

57 2370 246 2448 aemulusque
261 2369 308 2429 rel
325 2369 477 2430 amicitiam
491 2388 570 2432 suam
585 2369 722 2448 optulerit
735 2369 783 2430 rel
795 2369 966 2430 simultatem
979 2369 1087 2430 indixe-

93 2455 140 2530 rit,
157 2462 243 2532 prout
256 2454 377 2533 quisque
393 2472 425 2513 se
442 2455 534 2532 magis
549 2457 703 2533 parciusue
720 2454 875 2514 laudasset.

155 2537 352 2614 Petulantiam‚
371 2537 527 2616 libidinem,
544 2538 694 2615 luxuriam,
711 2540 869 2616 avaritiam,
887 2539 1085 2601 crudelitatem
1094 2551 1128 2606 26

93 2623 200 2682 sensim
222 2622 335 2700 quidem
358 2624 449 2701 primo
477 2632 506 2683 et
534 2623 650 2683 occulte
679 2631 707 2682 et
735 2623 814 2684 velut
842 2624 957 2683 iuvenili
986 2641 1088 2684 errore

93 2707 235 2783 exercuit,
256 2705 308 2766 sed
324 2715 354 2766 ut
369 2715 435 2767 tuno
459 2724 573 2787 quoque
597 2706 711 2767 dubium
731 2709 835 2767 nemini
857 2707 947 2784 ioret,
970 2716 1088 2767 naturae

56 2802 81 2845 so
92 2789 143 2851 illa
160 2792 236 2866 vitia,
252 2809 308 2850 non
326 2793 428 2852 aetatis
444 2810 520 2852 esse.
559 2792 628 2852 Post
646 2793 848 2871 crepusculum
859 2793 954 2852 statim
966 2791 1087 2870 adrepto

92 2873 183 2954 pilleo
199 2875 246 2934 vel
267 2875 369 2952 galero
391 2878 513 2956 popinas
533 2875 621 2936 inibat
642 2879 806 2955 circumque
826 2877 908 2936 vicos
929 2874 1089 2952 vagabatur

90 2957 273 3037 ludibundus,
291 2978 346 3021 nec
363 2962 425 3020 sine
442 2960 572 3041 pernicie
589 2969 692 3021 tamen.
737 2960 883 3039 Siquidem
901 2959 1047 3019 redeuntis
1072 2977 1088 3019 a

91 3061 184 3104 caena
199 3043 356 3105 verberare
372 3062 407 3105 ac
422 3054 618 3124 repugnantes
630 3045 783 3104 vulnerare
797 3043 963 3122 cloacisque
976 3041 1087 3103 demer-

89 3143 165 3206 gere
179 3137 319 3205 assuerat,
331 3129 466 3190 tabernas
477 3131 561 3190 etiam
573 3129 729 3206 effringere
742 3137 770 3188 et
783 3126 928 3208 expilare3
946 3128 1087 3202 Quintana

53 3229 80 3272 as
92 3211 170 3272 donni
183 3213 347 3292 constituta,
359 3212 408 3274 ubi
419 3223 519 3293 partae
531 3223 560 3274 et
574 3212 610 3273 ad
620 3211 808 3273 licitationem
820 3211 990 3274 dividendae
1003 3229 1085 3290 prae-

90 3296 146 3357 dae
163 3296 285 3376 pretium
302 3297 509 3358 absumeretur.
553 3296 598 3357 Ac
612 3315 704 3376 saepe
720 3298 747 3354 in
764 3295 914 3356 eiusmodi
929 3297 999 3356 rixis
1017 3311 1085 3355 ocu-

88 3379 184 3442 lorum
206 3389 234 3440 et
260 3382 336 3442 ritae
357 3381 515 3461 periculum
536 3380 620 3458 adiit,
643 3400 659 3443 a
680 3381 802 3460 quodam
822 3380 984 3460 laticlavio,
1006 3381 1086 3440 cuius

89 3481 212 3525 uxorem
226 3464 448 3544 adtrectaverat,
464 3483 559 3548 prope
575 3465 609 3526 ad
623 3483 725 3526 necem
739 3483 849 3528 caesus.
896 3466 991 3543 Quare
1008 3482 1085 3524 num·
