2468 3912
124 235 143 300 8
212 249 242 297 c.
258 248 406 297 sennenn
421 249 548 309 nanno.
564 251 610 297 nn
625 251 707 298 unns
724 251 906 299 canssnnn
921 253 990 302 nnn.
1007 255 1029 302 1.

11 464 12 474 ,
123 404 222 464 olllcio
234 403 402 483 frequentes
418 404 636 483 obstinatosque
647 405 683 464 ad
694 404 885 467 resistendum
896 411 1119 470 concucurrisse

80 501 114 556 16
126 487 283 564 cernebat,
308 488 382 548 banc
406 488 519 567 quidem
539 490 680 551 actionem
701 489 843 568 deposuit.
888 487 1024 552 Ceterum
1045 491 1109 554 Cae

124 571 190 633 cilio
206 571 325 633 bletello
341 571 454 632 tribuno
476 571 571 652 plebis
593 572 850 634 turbulentissimas
871 573 956 652 leges
976 575 1116 637 adversus
1210 613 1222 646 -,

123 656 300 732 collegarum
315 656 553 717 intercessionem
567 656 673 717 ferenti
694 665 841 717 auctorem
856 668 1114 737 propugnatorem-

122 758 179 820 que
194 757 226 799 se
242 739 469 817 pertinacissime
486 741 644 819 praestitit,
662 738 756 800 donec
770 739 854 802 ambo
871 739 1140 805 administrationes

120 825 164 884 rei
177 822 311 902 publicae
326 822 446 884 decreto
462 833 580 921 patrum·
586 822 834 884 submoverentur.
861 823 906 885 Ac
921 825 1011 886 nihilo
1023 829 1114 888 minus

121 924 292 1004 permanere
303 908 331 965 in
344 909 511 984 magistratu
528 915 556 966 et
571 907 615 966 ius
631 906 727 967 dicere
745 925 846 985 ausus,
861 917 891 966 ut
909 911 1049 989 comperit
1064 928 1113 990 pa·

120 998 215 1068 ratos,
242 991 291 1069 qui
312 990 341 1049 vi
365 1009 400 1050 ac
422 1008 573 1069 perarma
596 990 796 1070 prohiberent,
819 990 942 1052 dimissis
963 993 1113 1055 lictoribus
1194 1036 1226 1082 ἲ

121 1073 293 1152 abiectaque
314 1083 463 1152 praetexta
489 1074 603 1135 domum
624 1075 696 1135 clam
717 1075 841 1153 refugit,
865 1092 920 1154 pro
950 1075 1114 1137 conditione

120 1168 281 1237 temporum
294 1160 450 1236 quieturus.
476 1156 682 1218 Multitudinem
694 1175 810 1256 qnoque
825 1158 911 1220 biduo
927 1169 994 1238 post
1009 1170 1113 1240 sponte
1125 1179 1151 1222 su

121 1251 150 1302 et
169 1242 245 1303 ultro
268 1241 457 1302 confluentem
480 1260 656 1321 operamque
678 1241 780 1301 sibim
799 1243 959 1303 adserenda
977 1242 1116 1322 dignitate

120 1326 320 1387 tumultuosius
348 1325 535 1404 pollicentem
568 1327 747 1406 conpescuit.
790 1326 874 1401 Quod
907 1345 970 1387 cum
998 1335 1115 1406 praeter

120 1411 285 1490 opinionem
304 1410 467 1485 evenisset,
490 1417 623 1507 senatus,
646 1409 683 1470 ob
701 1409 822 1470 eundem
845 1418 958 1472 coetum
978 1411 1113 1471 festinato
1193 1449 1220 1497 q

121 1502 256 1568 coactus,
277 1495 387 1567 gratias
412 1494 439 1552 ei
460 1511 513 1572 per
533 1494 674 1570 primores
693 1494 773 1554 viros
793 1496 869 1572 egit,
891 1495 1095 1572 accitumque
1085 1513 1114 1554 m

121 1579 226 1636 curiam
248 1585 277 1634 et
291 1576 474 1655 amplissimis
494 1576 593 1635 verbis
615 1577 837 1638 conlaudatum
829 1598 857 1638 m
871 1580 1014 1657 integrum
1030 1578 1112 1639 resti·
1124 1596 1152 1641 ,ιι

118 1663 185 1736 tuit,
200 1659 315 1718 inducto
333 1661 431 1738 priore
446 1659 574 1719 decreto.

78 1755 110 1810 17
180 1741 295 1804 Recidit
312 1761 412 1803 rursus
435 1744 463 1802 in
481 1743 633 1803 discrimen
654 1743 744 1822 aliud,
767 1746 842 1805 inter
862 1748 960 1806 socios
976 1745 1115 1808 Catilinae
1203 1797 1214 1810 .

119 1827 279 1888 nominatus
295 1834 324 1887 et
348 1826 423 1906 apud
437 1825 560 1887 Novium
573 1826 692 1904 Nigrum
709 1837 891 1907 quaestorem
910 1829 1028 1891 allucio
1044 1831 1113 1890 Vet

118 1913 159 1972 tio
175 1909 269 1970 indice
286 1911 357 1970 etin
375 1918 476 1971 senatu
492 1929 508 1971 a
524 1911 628 1985 Quinto
643 1910 747 1988 Curio,
760 1913 818 1989 cui,
835 1912 911 1992 quod
924 1915 1030 1992 primus
1046 1931 1113 1974 con·

119 1996 181 2056 silia
195 1995 408 2068 coniuratorum
417 1994 579 2071 detexerat,
591 1997 744 2055 constituta
756 2005 837 2056 erant
849 1996 964 2075 publice
976 1997 1111 2076 praemia.
1123 2010 1150 2053 ao

120 2080 223 2142 Curius
237 2096 253 2138 e
270 2076 393 2139 Catilina
409 2097 442 2138 se
458 2080 634 2157 cognovisse
651 2079 779 2156 dicebat,
795 2081 910 2141 Vettius
921 2082 1006 2140 etiam
1019 2080 1112 2140 cairo·

119 2163 260 2243 grapbnm
278 2164 357 2239 eius,
382 2160 522 2224 Catilinae
544 2162 653 2239 datum,
670 2162 870 2241 pollicebatur.
904 2164 937 2225 ld
953 2180 1024 2224 vero
1041 2162 1113 2224 Gae-

119 2266 167 2309 sar
182 2247 260 2307 nullo
276 2247 362 2306 modo
385 2246 564 2307 tolerandum
580 2247 759 2324 existimans,
785 2265 848 2307 cum
869 2249 1015 2327 inplorato
1032 2244 1113 2308 Cice·
1172 2261 1209 2300 vs

118 2332 198 2392 ronis
219 2331 383 2391 testimonio
405 2329 544 2409 quaedam
568 2349 600 2390 se
622 2330 658 2389 de
682 2331 879 2392 coniuratione
901 2331 975 2392 ultro
998 2332 1114 2392 adeum

119 2412 257 2475 detulisse
274 2413 440 2490 docuisset,
456 2433 493 2473 ne
512 2413 599 2475 Curio
617 2414 742 2492 praemia
758 2415 893 2475 darentur
915 2415 1027 2485 ellecit;
1043 2417 1110 2476 Vct
1121 2428 1151 2474 ιε

118 2499 186 2558 tium
201 2496 372 2574 pignoribus
388 2499 493 2576 captis,
510 2507 539 2558 et
553 2496 663 2576 direpta
675 2497 857 2576 supellectile
873 2498 947 2558 male
962 2497 1114 2559 mulcatum

119 2600 155 2642 ac
170 2597 223 2659 pro
238 2582 340 2640 rostris
359 2581 388 2638 in
409 2583 542 2641 contione
559 2599 652 2660 paene
669 2581 861 2661 discerptum,
883 2583 988 2643 coiecit
1005 2583 1034 2641 in
1053 2599 1113 2642 car·
1216 2575 1223 2591 ‘

119 2682 231 2732 cerem;
255 2664 359 2724 eodem
377 2661 500 2723 Novium
522 2673 720 2743 quaestorem,
745 2666 821 2744 quod
844 2666 1014 2746 compellari
1038 2662 1115 2744 apud

118 2769 150 2810 se
167 2749 304 2810 maiorem
319 2755 493 2826 potestatem
509 2767 611 2828 passus
628 2758 715 2809 esset.

78 2849 110 2906 13
180 2832 227 2894 Ειι
255 2841 389 2911 praetura
414 2832 579 2892 ulteriorem
604 2833 720 2893 sortitus
743 2831 927 2912 Hispaniam,
956 2834 1150 2894 retinentesae

119 2916 281 2979 creditores
299 2918 461 2976 interventu
472 2933 645 2995 sponsorum
658 2918 790 2993 removit,
807 2934 842 2977 ac
855 2935 949 2996 neque
965 2934 1048 2978 more
1064 2935 1113 2977 ne·

118 3020 174 3080 qne
190 3002 266 3078 inre,
289 3009 356 3061 ante
379 3017 464 3078 quam
481 3001 648 3078 provinciae
668 3009 854 3078 ornarentur,
879 3002 1029 3079 proiectus
1051 3009 1112 3061 est·
1197 2982 1214 3029 Ἃ

18 3127 21 3130 -
117 3087 274 3161 incertum,
298 3093 413 3143 metune
435 3082 545 3160 iudicii,
570 3082 647 3162 qnod
669 3087 781 3162 privato
807 3085 976 3163 parabatur,
998 3103 1043 3144 an·
1056 3100 1113 3162 quo

117 3168 253 3228 maturius
274 3169 363 3228 sociis
381 3166 590 3247 inplorantibus
610 3166 792 3238 subveniret;
818 3177 977 3247 pacataque
996 3169 1112 3246 provin-

118 3251 179 3327 cia,
205 3252 267 3329 pari
289 3252 490 3329 festinatione,
512 3269 569 3312 non
585 3260 739 3330 expectato
756 3269 944 3328 successore,
965 3251 1000 3311 ad
1019 3252 1148 3311 trium-ts

118 3334 205 3413 pbum
220 3335 302 3394 simul
320 3335 555 3415 consulatumque
577 3335 711 3394 decessit.
756 3336 813 3395 Sed
833 3354 912 3412 cum,
935 3335 1037 3396 edictis
1058 3335 1113 3394 iam

119 3417 246 3492 comitis,
270 3419 343 3478 ratio
361 3420 422 3479 eius
443 3418 544 3480 baberi
561 3436 618 3479 non
636 3427 738 3497 posset
752 3420 806 3479 nisi
825 3420 952 3499 privatus
967 3419 1114 3480 introisset
1196 3469 1205 3490 ,

116 3499 237 3577 urbem,
264 3507 293 3558 et
314 3500 446 3561 ambienti
467 3511 497 3562 ut
515 3501 629 3580 legibus
651 3502 813 3564 solveretur
834 3503 913 3563 multi
934 3501 1112 3564 conoadice
1207 3501 1213 3511 '
