2466 3896
128 195 169 259 96
212 205 242 254 c.
255 204 403 254 suuuoru
421 204 547 264 usaue.
562 205 609 251 nu
622 206 705 253 vrrs
718 203 902 253 caucasum
916 203 985 251 uns.
998 202 1048 250 111.

130 380 280 443 numquam
300 359 482 421 remissiores
504 359 714 440 hilarioresque
736 379 887 423 sermones
908 357 1139 441 superveniente

131 467 168 509 eo
185 447 386 525 abrumperem
403 443 456 504 sed
471 454 666 523 expugnatum
683 447 820 526 precibus
835 447 935 506 uxoris
948 443 1140 524 adoptionem

132 551 190 595 non
206 531 352 606 abnuisse,
366 528 511 588 ueletiam
527 529 682 590 ambitione
699 540 831 608 tractum,
848 539 878 590 ut
892 529 943 590 tali
958 545 1138 590 successore

133 614 355 677 desiderabilior
377 614 442 693 ipse
464 615 637 694 quandoque
654 616 747 675 fieret.
781 614 894 676 Adduci
909 624 1004 675 tamen
1019 629 1136 693 nequeo

133 703 200 780 quin
216 701 391 776 existimem,
409 697 731 780 circumspectissimum
746 709 774 761 et
790 699 1041 780 prudentissimum
1057 699 1163 777 prin-⁵

131 787 243 864 cipem,
257 786 285 844 in
299 791 378 844 tanto
394 784 565 862 praesertim
579 787 717 862 negotio,
733 784 802 845 nibil
818 794 927 846 temere
941 784 1064 852 iecisse;
1082 779 1137 843 sed

131 871 209 929 vitiis
224 869 333 929 Tiberii
355 866 567 946 virtutibusque
588 871 743 949 perpensis
767 871 898 948 potiores
914 868 1031 929 duxisse
1046 867 1137 926 virtu·

130 964 193 1032 tes,
216 952 386 1033 praesertim
409 969 473 1011 eum
494 961 523 1012 et
543 955 588 1013 rei
610 972 639 1034 p.
662 972 749 1014 causa
776 954 917 1033 adoptare
941 972 974 1013 se
995 971 1059 1012 eum
1078 969 1136 1032 pro

133 1041 269 1100 contione
294 1037 445 1114 iuraverit,
474 1045 503 1096 et
531 1039 665 1116 epistolis
685 1038 795 1119 aliquot
817 1047 848 1098 ut
869 1038 1072 1118 peritissimum
1091 1037 1138 1096 rei
1226 1027 1232 1080 ἵ

130 1123 260 1184 militaris
285 1130 374 1202 utque
398 1122 512 1181 unicum
534 1121 565 1182 P.
587 1123 623 1184 R.
649 1123 824 1203 praesidium
851 1132 1054 1202 prosequatur.
1087 1118 1178 1181 Exta

132 1209 235 1288 quibus
251 1208 280 1267 in
296 1204 459 1285 exemplum
474 1224 567 1285 pauca
582 1206 728 1268 hincinde
745 1207 866 1268 subieci.

195 1291 286 1368 Vale,
304 1289 524 1352 iucundissime
541 1290 661 1370 Tiberi,
683 1299 712 1354 et
723 1291 857 1370 feliciter
871 1310 936 1353 rem
950 1309 1040 1372 pere,
1064 1283 1138 1371 ἐμοὶ

131 1371 187 1438 nul
211 1385 282 1448 ταῖς
301 1375 391 1454 *μον
414 1393 467 1435 tcu
486 1393 594 1438 οοιιοτε
615 1373 818 1458 στρατηγῶν.
856 1374 1083 1438 iucundissime
1108 1382 1140 1436 et

130 1462 177 1523 ita
190 1461 249 1523 sim
260 1459 357 1538 felic,
374 1458 424 1518 cir
434 1456 604 1535 fortissime
618 1470 647 1524 et
660 1462 726 1523 duc
740 1452 962 1542 νομιμώτντε,
977 1461 1057 1523 acle.

195 1542 341 1606 Ordinem
357 1542 544 1604 aestiuorum
558 1545 699 1608 tuorum!
719 1545 787 1626 Ego
804 1564 896 1624 cero,
911 1547 954 1607 mi
972 1545 1089 1622 Tiberi,
1107 1551 1178 1607 etrs

129 1629 210 1690 inter
238 1635 282 1689 tot
306 1645 411 1687 rerum
437 1625 638 1705 difficultates
663 1624 719 1692 nul
745 1621 912 1711 τοσαύτην
939 1619 1137 1710 ἄνοθνμίοιν

130 1709 198 1773 τῶν
218 1706 496 1792 στρατευομένων
516 1732 579 1775 nan
593 1715 734 1794 potuisse
753 1732 935 1796 quemquam
951 1714 1137 1795 prudentius
1225 1717 1232 1784 t

129 1815 238 1877 perere
251 1815 285 1857 se
299 1814 391 1877 quam
405 1802 437 1856 tu
450 1799 605 1878 passeris,
622 1800 772 1861 esistimo.
800 1797 832 1860 li
845 1818 965 1881 quoque
975 1801 1029 1880 qui
1039 1805 1137 1860 tecum
1230 1797 1232 1804 ’

128 1880 255 1961 sumunt
271 1899 374 1944 omnes
388 1881 585 1962 confitentur,
600 1903 724 1946 cereum
739 1885 869 1947 illumin
883 1891 1020 1964 tepesse
1035 1883 1115 1945 dici.-
1230 1949 1231 1952 ,

317 1970 394 2028 Unus
412 1971 491 2027 Ιιοιιιο
509 1973 586 2030 notas
606 1976 744 2050 uigilando
762 1976 880 2030 restituit
894 1989 964 2030 rem.
1144 1984 1178 2026 ao

192 2050 266 2114 Siue
291 2051 367 2132 quid
389 2050 499 2114 incidit
523 2053 562 2113 de
585 2073 644 2136 quo
670 2055 712 2116 sit
730 2054 928 2134 cogitandum
947 2053 1135 2133 diligentius,
1229 2119 1230 2122 Ἴ

130 2136 196 2198 sice
209 2137 284 2217 quid
299 2137 478 2199 stemacltar
492 2138 595 2218 auide,
610 2139 728 2201 medius
742 2139 852 2200 Fidius
870 2137 1024 2200 Tiberium
1036 2155 1138 2198 meum
1229 2129 1230 2210 l

131 2221 289 2298 desidero,
303 2221 519 2302 sucmsrritque
531 2241 642 2286 vasus
657 2225 710 2286 iile
723 2222 907 2285 Homericus
1228 2255 1229 2258 ¹

257 2300 371 2366 Τούτου
384 2297 409 2386 μ’
426 2305 615 2385 ἑσπομένοιο,
633 2307 684 2370 nul
702 2305 735 2368 ἐκ
749 2299 843 2389 τορὸς
858 2305 1031 2386 αἰθομένοιο

248 2383 357 2466 ’Ἀμφω
372 2383 582 2470 νοστήσαιμεν,
598 2391 662 2454 e’nsl
676 2392 806 2474 περίοιδε
820 2393 936 2470 νοῆσαι.
1145 2401 1180 2444 ²5
1227 2417 1228 2497 p

195 2471 391 2536 Attenuatum
411 2482 441 2536 te
458 2494 527 2538 esse
543 2478 772 2540 continuatione
786 2477 929 2540 laborum
946 2495 1015 2537 cum
1038 2474 1135 2538 audio

130 2563 160 2618 et
180 2557 263 2637 lego,
279 2557 313 2618 di
326 2577 373 2619 me
383 2559 520 2638 perdant
532 2564 595 2624 nisi
608 2562 799 2625 cohorrescit
814 2579 930 2642 corpus
944 2580 1042 2622 meum
1050 2586 1065 2632 ;
1089 2567 1133 2622 te·
1226 2595 1227 2641 p

130 2660 189 2723 qne
208 2660 263 2704 erc
284 2649 319 2704 ut
335 2662 458 2722 parcas
478 2644 550 2723 tibi,
574 2666 613 2708 ne
624 2647 655 2708 si
668 2656 697 2710 te
712 2647 860 2727 languere
877 2645 1084 2722 audierimus,
1106 2652 1137 2707 et

130 2744 185 2807 τμο
202 2732 232 2788 et
241 2734 340 2788 ntater
355 2736 409 2790 tua
423 2729 600 2808 expiremus
615 2733 696 2793 etde
711 2749 831 2793 mmmc
844 2729 957 2811 imperi
968 2731 1020 2791 sui
1031 2747 1132 2809 popu·

129 2811 179 2873 lus
191 2812 230 2873 n.
244 2811 446 2891 periclitetur.
1145 2830 1178 2871 so

189 2895 277 2959 ttttu
289 2898 416 2960 interest
430 2898 555 2962 caleam
569 2901 639 2980 ipse
651 2918 760 2977 necne,
779 2899 809 2960 si
821 2906 853 2960 tu
867 2919 930 2961 non
942 2897 1073 2961 valebis.

188 2981 274 3043 Deos
288 2981 433 3062 obsecro,
456 2989 491 3044 ut
504 2984 636 3048 tenebis
650 2989 832 3048 commeent
845 2990 875 3046 ct
888 2985 996 3047 aalma
1009 3000 1091 3044 nunc
1105 2989 1135 3044 et

128 3083 250 3146 semper
260 3067 439 3147 patiantur,
457 3068 488 3128 si
499 3088 561 3132 non
575 3067 610 3130 P.
626 3069 665 3130 n.
680 3067 789 3148 perosi
801 3074 880 3129 sunt.

87 3135 122 3189 ²2
192 3150 353 3213 Excessum
368 3151 493 3232 Augusti
508 3173 566 3216 oon
585 3155 663 3234 prius
680 3153 773 3232 palam
789 3153 873 3231 iecit,
898 3171 982 3233 quam
997 3151 1134 3230 Agrippa

129 3233 234 3295 iuvene
253 3237 437 3316 interempto.
468 3237 551 3299 llunc
571 3238 699 3298 tribunus
722 3237 840 3298 militum
863 3247 961 3299 custos
979 3237 1176 3316 appositusas

130 3317 251 3394 occidit,
267 3318 351 3381 lectis
370 3321 522 3402 codicillis,
540 3322 644 3404 quibus
658 3330 689 3382 ut
702 3321 730 3382 id
743 3322 857 3382 faceret
871 3321 1037 3391 iubebatur;
1053 3337 1132 3401 quos

132 3400 285 3462 codicillos
300 3402 414 3465 dubium
431 3407 499 3484 fuit,
521 3407 708 3486 Augustusne
723 3405 848 3467 moriens
862 3407 1048 3486 reliquisset,
1072 3424 1132 3485 quo

130 3487 277 3547 materiam
298 3489 432 3550 turnultus
452 3499 520 3564 post
542 3509 575 3551 se
599 3491 774 3552 subduceret
781 3513 788 3561 ;
811 3507 847 3550 an
868 3492 983 3551 nomine
1004 3488 1131 3569 Augusti
1206 3514 1220 3838 p
