2468 3912
155 235 196 297 at
245 247 275 294 o.
289 244 438 294 suunoru
456 242 584 304 nauso.
599 245 647 291 nn
663 245 747 292 vrrs
765 245 947 294 cassanum
961 247 1030 294 nm.
1043 246 1066 292 1.

156 404 228 464 alias
246 417 309 461 cum
330 398 402 459 love
424 398 554 459 dextram
575 401 710 476 iungere;
735 409 764 460 et
789 397 944 480 Calpurnia
968 417 1043 461 uxor
1053 403 1144 480 imagi

155 495 222 548 nata
234 493 296 563 est,
319 481 433 542 conlabi
450 482 595 559 fastigium
611 483 711 544 domus
728 485 916 563 maritumque
927 487 955 544 in
972 487 1086 564 gremio
1100 505 1156 547 suo

158 567 292 638 conlodi;
313 585 349 628 ac
364 566 460 626 subito
479 567 604 626 cubiculi
622 567 702 627 iores
719 577 825 648 sponte
839 577 1000 647 patuerunt.

220 652 264 712 Ob
284 652 358 712 baec
372 650 455 710 simul
471 658 501 710 et
517 650 555 710 ob
575 652 713 712 infirmam
727 651 912 712 valitudinem
929 653 976 712 diu
992 663 1156 732 cunctatus,

157 757 193 800 au
213 756 246 797 se
265 737 428 796 contineret
439 742 469 794 et
490 752 563 812 quae
586 735 661 815 apud
690 746 819 797 senatum
844 746 1039 816 proposuerat
1063 756 1177 816 ageres

157 822 304 898 differret,
329 817 443 880 tandem
467 818 591 878 Decimo
619 819 707 881 bruto
730 820 916 897 adhortante,
934 840 971 882 ne
993 823 1158 902 frequentis

158 924 194 968 ae
207 902 379 967 iamdudum
396 904 577 982 opperientis
594 902 781 982 destitueret,
803 907 900 986 quinta
921 906 984 965 iere
999 905 1072 966 bora
1087 925 1157 986 pro·

157 1008 279 1070 gressus
298 996 344 1049 est
362 986 550 1066 libellumque
569 987 732 1048 insidiarum
756 988 896 1066 indicem,
925 988 960 1049 ab
978 989 1066 1050 obvio
1084 1009 1156 1070 quo.-
1215 995 1216 1002 ³

158 1076 222 1136 dam
237 1080 422 1155 porrectum,
444 1070 553 1132 libellis
570 1074 692 1149 ceteris,
714 1091 787 1153 quos
805 1073 919 1133 sinistra
937 1073 1158 1134 manutenebat

159 1161 239 1240 quasi
254 1175 324 1219 nrox
344 1155 488 1234 lecturus,
512 1157 700 1216 commiscuit.
723 1155 797 1217 Dein
817 1156 946 1236 pluribus
967 1157 1070 1218 hostiis
1090 1176 1186 1218 cae-re

158 1246 215 1322 sis,
239 1261 303 1304 cum
319 1241 403 1302 litare
416 1257 474 1300 non
496 1249 616 1320 posset,
639 1242 749 1301 introiit
772 1243 879 1303 curiam
896 1250 994 1322 spreta
1009 1242 1157 1320 religione

158 1331 387 1408 Spurinnamque
404 1323 527 1384 irridens
544 1334 621 1386 etut
634 1325 737 1384 ialsunr
754 1343 896 1404 arguens,
920 1325 996 1405 quod
1017 1328 1080 1386 sine
1097 1327 1159 1387 ulla

158 1433 210 1475 sua
230 1430 308 1473 noxa
327 1409 396 1471 Idus
415 1406 535 1470 Martiae
554 1409 704 1470 adessent:
732 1428 899 1489 quamquam
914 1413 940 1469 is
959 1412 1077 1470 venisse
1095 1413 1157 1490 qui-
1214 1373 1216 1498 Α

115 1499 227 1566 eadem
245 1514 295 1557 eas
317 1493 444 1570 diceret,
466 1492 596 1554 sednon
615 1497 800 1574 praeterisse.
832 1494 1016 1555 Assidentem
1039 1497 1157 1574 conspi-

161 1584 215 1644 rati
237 1579 339 1659 specie
360 1577 450 1638 cilicii
472 1577 734 1648 circumsteterunt;
763 1579 891 1659 ilicoque
908 1577 1024 1640 Cimber
1042 1577 1156 1656 Tillius,
1166 1599 1186 1640 u

160 1667 208 1746 qui
231 1665 337 1743 primas
359 1669 458 1741 partes
482 1670 666 1741 susceperat,
690 1664 771 1741 quasi
795 1663 903 1743 aliquid
918 1672 1072 1740 rogaturus
1089 1680 1156 1742 pro-

159 1751 225 1830 pius
248 1748 390 1822 accessit,
409 1747 599 1825 renuentique
626 1755 655 1806 et
680 1756 769 1824 gestu·
792 1748 821 1806 in
846 1747 923 1808 aliud
941 1755 1055 1826 tempus
1076 1747 1156 1807 diue-

159 1835 234 1895 renti
251 1830 287 1891 ab
303 1839 426 1909 utroque
444 1846 545 1890 umero
570 1839 669 1908 togam
689 1830 892 1911 adprehendit;
914 1831 1017 1891 deinde
1034 1831 1155 1892 claman·
1215 1851 1216 1924 p

161 1928 234 1980 tem:
257 1912 326 1977 istc
342 1912 463 1995 quidem
477 1913 525 1975 eis
544 1922 606 1991 cst,
628 1915 701 1975 alter
717 1933 733 1975 e
749 1913 850 1976 Cascis
868 1933 1000 1978 aversum
1014 1915 1156 1991 winerat,

160 2002 278 2084 paulum
303 2000 377 2060 inira
396 1999 534 2077 iugulum.
571 1998 679 2060 Caesar
705 1998 817 2060 Cascae
839 1998 986 2060 brachium
1011 2008 1186 2078 arreptumu

160 2086 285 2168 graphio
303 2085 430 2162 traiecit,
458 2091 636 2163 conatusque
658 2085 795 2163 prosilire
818 2084 875 2144 alio
893 2085 1013 2144 vulnere
1028 2083 1157 2144 tardatus
1214 2151 1215 2154 Ἴ

162 2181 221 2242 est;
243 2179 331 2250 utque
351 2167 551 2229 animadvertit
570 2168 695 2247 undique
715 2187 748 2228 se
764 2168 871 2228 strictis
888 2166 1064 2248 pugionibus
1087 2170 1156 2248 peti,

161 2266 232 2334 toga
247 2263 332 2333 capnt
348 2252 497 2330 obvolvit,
519 2252 603 2312 simul
623 2255 737 2312 sinistra
748 2269 832 2312 manu
845 2253 936 2312 sinum
952 2251 987 2313 ad
1004 2253 1059 2313 ima
1074 2269 1158 2312 crura
1214 2329 1215 2334 ἵ

163 2339 296 2415 deduxit,
335 2354 392 2415 quo
420 2337 570 2397 honestius
596 2336 714 2396 caderet
746 2337 831 2396 etiam
858 2337 996 2397 inferiore
1022 2338 1157 2415 eorporis
1214 2355 1215 2370 ¹

164 2431 246 2502 parte
269 2420 373 2480 velata.
407 2418 503 2500 Atque
527 2423 567 2481 ita
591 2420 682 2480 tribus
707 2428 737 2479 et
756 2420 857 2498 viginti
882 2421 977 2500 plagis
1003 2420 1185 2480 confossusc
1214 2427 1215 2440 ¹

164 2514 224 2582 est,
245 2521 303 2564 uno
330 2502 474 2566 modoad
496 2507 616 2584 primum
641 2506 727 2564 ictum
749 2505 857 2581 gemitu
879 2506 941 2565 sine
962 2520 1037 2564 voce
1063 2503 1156 2570 edito;

164 2591 220 2651 etsi
243 2586 418 2650 tradiderunt
440 2587 553 2667 quidam
571 2588 671 2649 llarco
691 2587 780 2648 Bruto
804 2589 923 2648 irruenti
946 2586 1069 2648 dixisse:
1092 2580 1159 2649 Καὶ
1214 2577 1215 2658 l

58 2746 63 2755 ¹
164 2663 208 2736 σύ
232 2667 368 2746 τέκνον;
388 2672 552 2749 Exanimis,
588 2671 804 2750 diffugientibus
833 2673 959 2749 cunctis,
997 2671 1158 2750 aliquandiu

164 2758 267 2835 iacuit,
290 2757 385 2817 donec
403 2756 528 2817 lecticae
542 2758 721 2835 impositum,
744 2755 926 2835 dependente
943 2755 1075 2832 brachio,
1098 2765 1157 2815 tres

164 2842 275 2904 servoli
298 2840 413 2901 domum
436 2841 603 2901 retulerunt.
629 2840 693 2900 Nec
714 2841 742 2899 in
766 2847 810 2900 tot
833 2840 1015 2917 vulneribus,
1040 2847 1073 2900 ut
1099 2839 1187 2900 An-co
1213 2849 1214 2890 3

164 2929 257 2988 tistius
273 2924 401 2987 medicus
422 2924 619 3002 existimabat,
642 2924 730 2984 letale
746 2924 834 2984 ullum
855 2933 1002 3003 repertum
1019 2932 1081 3000 est,
1103 2925 1157 2982 nisi

164 3010 241 3091 quod
256 3008 385 3071 secundo
401 3011 470 3071 loco
488 3011 517 3069 iu
532 3018 653 3088 pectore
669 3014 835 3088 acceperat.

225 3094 332 3156 Fuerat
354 3097 463 3155 animus
489 3093 644 3154 coniuratis
667 3110 773 3171 corpus
796 3093 888 3152 occisi
907 3093 936 3150 in
955 3090 1082 3152 Tiberim
1104 3099 1158 3150 tra-
1213 3103 1214 3178 p

101 3255 104 3264 Ι
164 3178 252 3254 bere,
272 3178 348 3240 bona
359 3179 527 3259 publicare,
548 3186 612 3238 acta
628 3175 811 3254 rescindere,
835 3175 888 3236 sed
903 3185 980 3235 metu
997 3173 1087 3236 llaroi
1099 3172 1158 3233 An·
1190 3178 1199 3202 ⁴

122 3262 229 3327 &atoni
249 3261 375 3323 consulis
399 3272 428 3324 et
441 3263 571 3341 magistri
592 3262 718 3340 equitum
736 3260 837 3339 Lepidi
856 3259 1034 3320 destiterunt.
1058 3257 1186 3318 Postu-³⁵
1213 3253 1214 3286 ¹

165 3346 245 3405 lente
270 3362 341 3421 ergo
361 3346 449 3410 bucio
471 3347 577 3408 Pisone
599 3362 704 3406 socero
727 3352 926 3405 testamentum
947 3344 1009 3403 eius
1032 3343 1160 3420 aperitur

167 3429 361 3504 recitaturque
383 3432 412 3490 in
436 3430 543 3492 Antoni
569 3429 671 3504 domo,
710 3427 788 3507 quod
813 3427 910 3488 ldibus
939 3424 1158 3506 Septembribus
1212 3485 1213 3498 ,

167 3510 307 3592 proximis
334 3511 363 3568 iu
382 3511 524 3574 Lauicano
547 3531 600 3573 suo
622 3512 733 3572 iecerat
755 3510 1031 3589 demandaueratque
1053 3511 1158 3587 virgini
