2450 3910
124 289 183 352 186
228 300 258 348 c.
274 299 424 348 sunnonu
440 297 567 357 naimo.
585 299 632 345 nm
649 297 733 344 uma
754 297 941 346 cassanum
952 299 1021 349 uun.
1034 300 1080 347 vr.

121 459 282 536 rigentem,
309 455 449 514 hactenus
472 453 564 532 primo
591 452 766 530 gravabatur
788 462 818 512 ut
838 453 944 514 inuidia
968 455 1120 516 identidem

124 549 279 616 oneraret,
297 542 378 618 quasi
394 556 529 597 cessurus
544 539 667 616 imperio
682 536 871 615 Rhodumque
887 537 1030 616 abiturus,
1054 559 1120 600 mox

125 635 153 686 et
177 625 289 684 honore
311 623 387 682 omni
405 632 434 682 et
449 630 593 701 potestate
610 623 743 699 privavit,
759 620 940 700 abductaque
957 624 1074 684 militum
1093 633 1119 684 et

125 711 332 770 Germanorum
349 708 486 784 statione,
511 705 701 765 contubernio
720 723 835 784 quoque
854 724 889 766 ac
904 707 1014 767 Palatio
1032 727 1118 788 expu·
1217 694 1220 710 ⁴

124 795 170 862 iit;
195 810 291 871 neque
315 792 344 850 iu
366 790 525 851 diuexanda
548 791 700 889 quicquam
723 793 807 868 pensi
828 790 940 868 habuit,
965 793 1143 858 summississ

83 879 174 957 ‘'{qui
189 886 218 936 et
229 877 339 936 Romae
355 885 513 936 morantem
527 873 624 934 litibus
639 884 667 933 et
681 877 709 933 in
723 893 843 934 secessu
856 877 1053 955 quiescentem
1068 894 1121 956 per

12 955 14 964 '
83 980 106 1020 :r
127 963 258 1023 conuicia
274 969 303 1019 et
318 961 402 1020 iocos
417 969 494 1020 terra
508 961 636 1037 marique
649 959 928 1037 praeteruehentes'
920 962 1120 1039 inquietarent.

49 1059 75 1072 “’“
94 1049 234 1107 Verum
248 1045 330 1105 minis
347 1046 408 1105 eius
423 1062 457 1104 ac
475 1044 612 1104 vrolentra
626 1045 743 1102 territus
756 1043 881 1121 perdere
893 1047 1001 1114 statuit
1017 1054 1046 1104 et
1059 1063 1121 1104 cum
1219 1059 1220 1090 t

79 1120 98 1187 i
125 1141 170 1191 ter
196 1146 310 1190 veneno
339 1136 509 1207 temptasset
535 1130 713 1205 sentiretque
744 1128 878 1188 antidotis
904 1131 1120 1208 praemunitam,

63 1205 287 1290 lacunaria,
304 1231 380 1291 quae
398 1221 485 1272 noctu
505 1230 593 1291 super
607 1211 795 1271 dormientem
811 1212 906 1272 laxata
922 1214 1052 1272 machina
1071 1213 1120 1272 de·
1132 1239 1156 1282 ιι

127 1300 271 1373 ciderent,
291 1299 412 1376 pararit.
448 1297 514 1358 Hoc
533 1297 655 1357 consilio
672 1313 726 1376 per
745 1298 881 1357 conscios
896 1314 996 1375 parum
1015 1297 1121 1375 celato,

5 1433 7 1440 ,
28 1403 41 1434 .:
88 1412 114 1446 ¹2.
127 1383 270 1446 solutilem
285 1400 402 1458 navem,
423 1382 502 1440 cuius
518 1380 565 1440 vel
580 1380 731 1458 naufragio
748 1380 796 1439 vel
813 1398 943 1442 camarae
961 1383 1042 1441 ruina
1056 1399 1121 1460 per-

125 1472 196 1544 iret,
223 1476 401 1527 commentus
418 1474 481 1541 est,
506 1475 591 1543 atque
607 1467 645 1524 ita
661 1465 899 1526 reconciliatione
917 1467 1060 1543 simulata,
1080 1467 1121 1524 iu·
1211 1539 1215 1548 .

128 1552 307 1612 cundissimis
321 1550 425 1610 litteris
435 1548 519 1609 Baius
534 1549 667 1610 evocarit
681 1548 718 1608 ad
735 1549 885 1610 sollemnia
898 1552 1123 1629 Quinquatruum
1219 1595 1220 1630 ,

127 1637 210 1696 simul
227 1633 414 1703 celebranda3
443 1633 568 1711 datoque
588 1634 708 1710 negotio
727 1633 912 1712 trierarcbis,
935 1637 983 1714 qui
1006 1635 1159 1700 liburni-15
1219 1685 1220 1704 ,

128 1738 190 1780 cam
212 1737 267 1798 qua
285 1718 406 1777 advecta
423 1727 485 1777 erat
500 1717 579 1776 velut
595 1719 713 1778 fortuito
730 1735 874 1777 concursu
892 1720 1122 1797 confringerent,
1219 1715 1220 1732 ¹

128 1803 271 1883 protraxit
287 1802 466 1878 convivium,
490 1803 693 1880 repetentique
708 1801 816 1861 Baulos
839 1803 868 1861 in
883 1803 981 1863 locum
995 1804 1122 1881 corrupti
1152 1839 1155 1849 ‹

128 1887 235 1963 nauigii
251 1885 534 1967 machinosum‘illud,
551 1886 670 1965 optulit,
692 1886 783 1946 hilare
800 1897 974 1964 prosecutus
989 1896 1075 1967 atque
1093 1887 1123 1946 in

128 1971 261 2048 digressu
283 1970 407 2048 papillas
433 1988 548 2049 quoque
576 1970 771 2030 exosculatus.
805 1970 958 2049 Reliquum
982 1971 1123 2050 temporis

129 2074 192 2115 cum
206 2071 310 2131 magna
323 2054 517 2133 trepidatione
534 2055 678 2132 vigilavit,
702 2055 860 2134 opperiens
878 2065 1047 2135 coeptorum
1062 2055 1122 2113 exi-
1133 2075 1160 2117 ac

127 2151 195 2200 tum.
227 2138 284 2198 Sed
296 2148 326 2198 ut
337 2138 451 2199 diuersa
467 2141 560 2199 omnia
577 2137 732 2217 nandoque
745 2139 876 2199 euasisse
891 2159 954 2200 eam
969 2139 1123 2217 comperit,

127 2227 214 2303 inops
234 2224 347 2283 consilii
363 2224 394 2284 L.
410 2222 569 2301 Agerinum
585 2222 719 2282 libertum
740 2224 829 2300 eius,¹
841 2224 950 2283 salvam
967 2233 995 2282 et
1010 2221 1122 2281 incolu·
1219 2275 1220 2300 ,

126 2327 201 2369 mem
218 2327 281 2367 cum
295 2309 401 2384 gaudio
418 2310 609 2384 nuntiantem,
630 2307 745 2367 abiecto
769 2307 843 2367 clam
857 2309 934 2367 iuxta
950 2307 1078 2385 pugione
1093 2315 1125 2366 ut
1219 2307 1220 2374 ξ

127 2410 334 2472 percussorem
349 2393 403 2452 sibi
418 2391 603 2452 subornatum
617 2392 704 2470 arripi
724 2392 940 2470 constringique
958 2391 1049 2467 iussit,
1063 2408 1122 2450 ma-

127 2487 201 2536 trem
217 2475 326 2552 occidi,
347 2478 429 2555 quasi
443 2476 655 2554 deprehensum
672 2476 779 2534 crimen
793 2475 954 2535 voluntaria
970 2483 1065 2535 morte
1082 2476 1122 2534 ui·
1132 2499 1161 2540 ιι

95 2625 99 2630 .
128 2568 228 2620 tasset.
257 2559 407 2620 Adduntun
421 2560 465 2620 bis
485 2562 646 2636 atrociora,
669 2577 724 2618 nec
742 2561 862 2620 incertis
884 2559 1064 2636 auctoribus:
1087 2558 1123 2618 ad

87 2643 102 2652 ''
129 2643 276 2703 uisendum
289 2644 462 2704 interiectae
476 2643 602 2703 cadaver
621 2647 800 2722 accurrisse,
822 2654 1021 2705 contrectasse
1035 2661 1122 2702 mem·
1219 2631 1220 2648 ¹

129 2727 192 2805 bra,
207 2727 262 2787 alia
275 2729 467 2806 vituperasse,
483 2727 539 2788 alia
554 2727 699 2806 laudasse,
715 2730 820 2808 sitique
833 2730 948 2790 interim
962 2730 1065 2789 oborta
1079 2727 1123 2786 bi·

129 2814 217 2872 bisse.
245 2811 348 2891 Neque
363 2821 457 2872 tamen
473 2815 680 2874 conscientiam
694 2813 827 2890 sceleris,
843 2831 1012 2892 quamquam
1028 2822 1057 2871 ct
1071 2814 1122 2870 mi·

128 2897 208 2958 litum
228 2906 256 2956 et
271 2905 385 2958 senatus
401 2895 560 2976 populique
575 2895 813 2974 gratulationibus
829 2899 1056 2974 confirmaretur,
1074 2903 1122 2956 aut
1132 2917 1163 2960 ao

129 2983 222 3046 statim
238 2990 285 3042 aut
299 2998 431 3059 umquam
445 2990 549 3060 postea
564 2981 642 3040 ieme
659 2981 760 3059 potuit,
775 2997 865 3059 saepe
884 2982 1038 3042 confessus
1052 2997 1121 3040 exa·

129 3067 214 3143 gitari
233 3083 266 3126 se
288 3073 416 3125 matema
437 3065 537 3144 specie
556 3064 785 3143 verberibusque
802 3063 950 3126 Furiarum
972 3084 1008 3124 ac
1029 3063 1122 3124 taedis

130 3150 303 3210 ardentibus.
333 3150 407 3224 Quin
423 3159 451 3210 et
464 3149 543 3209 iacto
559 3148 725 3227 perblagos
739 3167 823 3209 sacro
839 3168 965 3210 evocare
976 3149 1078 3209 Manes
1093 3156 1123 3206 et

129 3251 253 3294 exorare
268 3235 429 3312 temptauit.
460 3233 697 3309 Peregrinatione
713 3233 827 3311 quidem
839 3233 978 3295 Graeciae
994 3242 1023 3293 et
1034 3232 1122 3294 Eleu·

131 3315 200 3373 sinis
216 3318 324 3393 sacris,
344 3336 465 3396 quorum
481 3317 637 3377 initiatione
653 3317 731 3394 impii
746 3326 776 3377 ct
794 3317 931 3378 scelerati
947 3335 1023 3377 voce
1038 3333 1122 3396 prae·
1133 3331 1164 3374 ss

132 3399 214 3456 conis
230 3410 456 3475 summoventur,
471 3402 614 3460 interesse
628 3417 688 3458 uon
706 3419 792 3461 ausus
807 3411 863 3460 est.
1219 3411 1220 3422 ¹

195 3478 288 3539 lunxit
303 3483 458 3558 parricidio
469 3486 567 3542 matris
582 3485 684 3543 amitae
699 3502 811 3545 necem.
839 3486 931 3560 Quam
944 3504 1007 3546 cnm
1020 3504 1058 3545 ex
1073 3483 1123 3544 du·

130 3560 195 3620 rltie
211 3560 268 3621 alvi
284 3564 434 3626 cubantem
451 3567 595 3643 visitaret,
614 3577 642 3626 et
659 3567 708 3629 illa
725 3577 852 3629 tractans
867 3568 1032 3648 lanuginem
1048 3571 1123 3648 eius,
