2468 3912
149 189 188 250 68
233 199 263 248 c.
279 199 427 248 sunnonr
446 200 574 259 ranno.
589 199 637 246 on
652 199 734 246 vrrs
750 199 934 248 consanum
949 202 1019 249 nro.
1034 203 1070 248 11.

147 357 188 416 ris
206 355 365 433 suspitione
381 365 410 414 et
428 355 504 434 quod
519 353 674 415 Marcellus
689 353 742 414 sibi
760 355 964 433 anteferretur,
990 356 1142 433 Mytilenas

148 458 180 498 se
205 439 313 498 relictis
336 438 465 497 omnibns
487 438 672 515 contulisset,
698 438 745 497 hic
768 448 912 499 secretum
937 438 973 500 de
994 455 1142 521 comperta

147 523 284 582 blurenae
299 523 494 582 coniuratione
509 523 591 582 uxori
606 522 759 582 Terentiae
774 523 957 602 prodidisset.

212 604 318 681 Exegit
336 615 364 664 et
380 608 443 685 ipse
456 607 484 664 in
497 607 590 666 vicem
605 606 641 666 ab
657 606 756 666 amicis
771 606 993 668 benivolentiam
1008 619 1141 690 mutuam,

148 699 205 750 tam
224 707 240 748 a
263 689 403 749 delunctis
427 708 509 768 quam
525 708 540 749 a
557 690 641 750 vivis.
685 689 757 749 Nam
778 691 907 769 quamvis
922 693 1034 752 minime
1053 712 1162 774 appe-u

148 783 224 833 teret
238 772 422 851 hereditates,
439 784 468 833 ut
484 776 530 852 qui
541 791 690 852 numquam
702 791 739 832 ex
750 775 841 850 ignoti
852 783 1022 836 testamento
1035 795 1141 856 capere

150 858 299 936 quicquam
314 859 488 934 sustinuerit,
504 859 659 918 amicorum
674 867 768 916 tamen
783 876 916 936 suprema
930 858 1033 919 iudicia
1048 879 1141 922 moro·

149 942 261 1000 sissima
282 942 450 1022 pensitavit,
473 960 567 1021 neque
587 941 688 1001 dolore
711 941 903 1020 dissimulato,
924 943 949 1002 si
965 945 1079 1020 parcius
1095 956 1142 1006 aut

150 1027 220 1087 citra
236 1026 375 1086 honorem
391 1026 559 1103 verborum,
574 1044 668 1104 neque
683 1026 804 1103 gaudio,
821 1026 845 1085 si
859 1033 943 1101 grate
958 1027 1063 1106 pieque
1077 1032 1141 1108 quis

148 1129 180 1170 se
196 1119 366 1189 prosecutus
384 1110 495 1170 luisset.
521 1110 629 1186 Legata
647 1109 694 1168 vel
712 1117 810 1188 partes
824 1108 1032 1188 hereditatium,
1050 1131 1066 1171 a
1082 1116 1141 1192 qui·
1152 1129 1174 1170 ro

147 1193 323 1275 huseumque
346 1193 513 1273 parentibus
536 1193 637 1253 relicta
662 1192 733 1270 sibi,
756 1202 803 1253 aut
818 1195 912 1253 statim
928 1192 1028 1268 liberis
1045 1212 1142 1255 eorum

149 1279 329 1355 concedere,
356 1288 402 1338 aut
425 1279 448 1336 si
472 1277 605 1356 pupillari
626 1285 720 1337 aetate
742 1286 855 1354 essent,
877 1277 923 1336 die
945 1278 1034 1337 virilis
1055 1288 1142 1356 togae

148 1362 195 1422 vel
211 1365 370 1442 nuptiarum
387 1380 448 1421 oum
464 1363 640 1421 incremento
655 1361 807 1420 restituere
823 1370 985 1421 consuerat.

105 1455 139 1511 67
211 1446 352 1508 Patronus
374 1446 561 1523 dominusque
585 1462 642 1504 non
662 1447 753 1503 minus
769 1462 890 1503 severus
906 1463 989 1523 quarn
1004 1446 1099 1506 facilis
1114 1456 1143 1506 et

150 1531 291 1606 clemens,
308 1529 412 1589 multos
427 1529 594 1588 libertorum
611 1529 638 1586 in
655 1528 766 1588 honore
783 1537 812 1588 et
828 1547 881 1588 usu
895 1530 1016 1588 maximo
1034 1529 1141 1607 habuit,
1152 1548 1174 1588 u

149 1622 179 1672 ut
193 1613 319 1672 Licinum
338 1620 368 1671 et
386 1610 522 1672 Celadum
543 1612 683 1690 aliosque.
720 1611 854 1673 Cosmum
876 1631 1006 1691 servum,
1031 1617 1141 1691 gravis-

149 1698 220 1755 sime
237 1694 272 1754 de
291 1715 324 1756 se
346 1697 509 1774 opinantem
532 1713 589 1754 non
610 1696 781 1775 ultraquam
798 1695 985 1775 compedibus
1003 1699 1142 1757 coercuit.

147 1780 306 1840 Diomeden
329 1779 573 1859 dispensatorem,
595 1797 611 1838 a
633 1798 689 1859 quo
710 1780 792 1840 simul
810 1779 969 1840 ambulante
987 1781 1143 1841 incurrenti

148 1873 269 1942 repente
288 1863 354 1924 lero
370 1881 440 1943 apro
458 1882 511 1942 per
526 1872 629 1922 metum
644 1864 776 1924 obiectus
792 1872 853 1940 est,
874 1864 972 1924 maluit
987 1865 1143 1926 timiditatis

148 1966 271 2026 arguere
286 1967 369 2028 quam
385 1966 488 2025 noxae,
502 1965 620 2026 remque
634 1965 691 2008 non
707 1949 810 2007 minimi
822 1947 953 2027 periculi,
970 1951 1035 2027 quia
1047 1959 1143 2010 tamen
1152 1965 1174 2006 ro

147 2034 226 2094 lraus
251 2031 367 2111 aberat,
397 2035 540 2092 inlocum
562 2034 656 2092 vertit.
693 2031 772 2092 Idem
794 2031 894 2093 Polum
916 2051 953 2091 en
973 2035 1143 2113 acceptissi-

147 2119 200 2178 mis
232 2117 343 2178 libertis
368 2118 441 2177 mori
470 2115 570 2194 coegit
595 2125 771 2195 compertum
794 2115 956 2176 adulterare
981 2125 1143 2184 matronas;

148 2201 249 2262 Thallo
265 2221 280 2262 a
294 2220 393 2279 manu,
420 2199 498 2279 quod
515 2217 568 2278 pro
585 2200 708 2279 epistola
724 2199 836 2278 prodita
853 2199 987 2258 denarios
1004 2201 1144 2278 quingen·

147 2294 193 2344 tos
212 2286 385 2364 accepisset,
407 2303 490 2344 crura
506 2285 533 2343 ei
545 2284 650 2361 lregit;
670 2283 871 2362 paedagogum
886 2283 1090 2362 ministrosque
1111 2285 1144 2344 G.

148 2367 200 2443 lili,
215 2386 269 2446 per
284 2370 467 2428 occasionem
482 2367 643 2428 valitudinis
658 2368 814 2445 mortisque
832 2368 893 2426 eius
903 2365 1028 2444 superbe
1042 2381 1178 2428 avare-au

149 2467 205 2528 que
226 2453 255 2509 in
273 2453 421 2528 provincia
437 2459 600 2529 grassatos,
625 2460 760 2510 oneratos
776 2451 858 2528 gravi
874 2449 1004 2530 pondere
1021 2453 1145 2511 cervici-

148 2532 202 2592 bus
219 2535 420 2613 praecipitavit
435 2537 463 2594 in
478 2535 590 2595 llumen.

106 2634 140 2690 68
209 2616 302 2678 Prima
312 2620 426 2679 iuventa
437 2619 579 2678 variorum
591 2617 764 2679 dedecorum
775 2619 916 2678 infamiam
928 2616 1022 2677 subiit.
1036 2620 1145 2679 Sextus

146 2703 300 2782 Pompeius
316 2710 346 2762 ut
361 2702 548 2763 effeminatum
564 2703 719 2763 insectatus
732 2712 790 2769 est:
807 2702 845 2762 bl.
855 2701 997 2761 Antonios
1011 2701 1145 2782 adoptio·

146 2805 211 2847 nem
228 2786 360 2846 avunculi
376 2795 475 2865 stupro
491 2789 634 2855 meritum;
658 2788 723 2846 item
737 2785 768 2847 t.
784 2787 873 2847 blanci
886 2786 976 2845 irater
993 2789 1074 2864 quasi
1092 2807 1145 2867 pu·
1156 2807 1179 2850 eo

147 2871 287 2948 dicitiam,
307 2870 457 2950 delibatam
472 2889 488 2930 a
506 2868 642 2946 Caesare,
660 2869 736 2929 Aulo
753 2871 838 2929 etiam
853 2869 944 2929 Hirtio
963 2871 991 2928 in
1004 2869 1146 2949 Hispania

145 2957 282 3017 trecentis
302 2954 416 3014 milibus
437 2972 576 3014 nummum
598 2954 800 3030 substraverit,
821 2953 981 3031 solitusque
1004 2956 1041 3012 sit
1059 2973 1147 3014 crura

146 3040 284 3100 suburere
305 3058 378 3100 nuce
401 3039 526 3115 ardenti,
549 3056 605 3118 qno
626 3038 741 3097 mollior
757 3037 831 3115 pilus
847 3044 989 3113 surgeret.
1034 3037 1094 3098 Sed
1118 3049 1148 3098 et

147 3125 270 3202 populus
293 3124 431 3203 quondam
456 3124 607 3182 universus
628 3121 757 3181 ludorum
779 3121 825 3180 die
849 3131 878 3180 et
895 3120 1010 3197 accepit
1027 3123 1054 3180 in
1074 3140 1146 3182 con-

147 3207 288 3266 tumeliam
316 3209 377 3268 eius
404 3215 433 3267 et
462 3206 585 3267 adsensu
610 3206 732 3265 maximo
759 3205 949 3283 conprobavit
974 3222 1089 3265 versum
1117 3209 1179 3265 inse

148 3306 253 3348 scaena
281 3293 489 3366 pronuntiatum
516 3290 551 3349 de
579 3288 657 3367 gallo
680 3288 779 3347 lllatris
808 3289 889 3348 deum
914 3289 1146 3366 tympanizante:

106 3380 140 3434 69
151 3367 295 3445 Videsne,
324 3380 358 3431 ut
379 3374 526 3434 decedas
549 3372 653 3434 orbem
673 3370 768 3448 dipito
795 3373 965 3450 detepuerat?
992 3369 1147 3434 Adulteria
1209 3419 1210 3426 κ

149 3451 263 3532 quidem
279 3458 444 3514 exercuisse
460 3475 495 3514 ne
510 3457 592 3514 amici
609 3454 723 3532 quidem
739 3466 862 3532 negant,
886 3465 1058 3515 excusantes
1072 3473 1147 3517 sane
