2466 3896
155 188 214 246 100
236 197 432 247 c.suunon1
450 198 578 256 ummo.
593 198 641 244 nu
654 197 737 243 vrrs
752 196 935 244 cassanum
949 198 1019 244 nte.
1034 197 1085 246 m.

153 353 288 430 decerni,
310 371 348 413 ne
367 362 487 432 questus
501 351 615 431 quidem
628 360 683 410 est.
712 350 847 428 Negaute
862 367 901 410 eo
915 350 1076 412 destinatos
1087 370 1143 414 ma

151 437 289 514 gistratus
308 437 414 496 abesse
434 445 589 516 oportere,
609 435 831 514 ut'praeseutes
849 434 955 494 honori
977 435 1142 515 adquiesee

151 528 232 598 rent,
247 530 367 599 praetor
378 520 545 598 designatus
562 520 682 579 liberam
695 519 872 596 legationem
885 519 1061 598 impetrarit.
1087 519 1141 580 lte-

151 622 214 664 rum
239 613 393 681 censente,
418 613 449 663 ut
474 603 623 664 Trebianis
647 602 773 680 legatam
797 604 926 682 inopus
949 605 1019 662 novi
1043 603 1143 664 theatri

152 690 303 766 pecuniam
324 688 360 748 ad
374 689 557 748 munitionem
572 689 636 746 viae
649 686 808 746 transferre
821 684 1049 765 comederetur,
1072 689 1143 767 opti
1169 709 1183 748 s

151 790 223 831 nere
243 790 301 832 nou
320 774 415 853 potnit
428 774 496 852 quin
509 779 571 831 ruta
584 771 719 832 voluutas
732 769 874 846 legatoris
890 778 980 830 esset.
1010 769 1083 831 (lum
1098 790 1142 832 se

152 863 235 916 natus
258 855 419 917 consultum
440 874 494 937 per
512 854 720 915 discessionem
732 854 810 913 iorte
831 855 931 930 ieret,
953 863 1143 916 transeuntem

152 956 217 999 eum
237 938 265 998 in
280 940 399 1002 alteram
415 949 542 1020 partem,
562 939 591 998 in
609 957 664 1018 qua
677 938 832 1017 pauciores
846 947 945 1015 erant,
969 948 1086 999 secutus
1099 949 1145 998 est

152 1040 246 1083 nemo.
1215 1061 1221 1072 .

215 1105 322 1168 Cetera
340 1125 456 1187 quoque
476 1107 590 1166 nonnisi
609 1123 664 1185 per
677 1107 862 1182 magistratus
877 1115 908 1166 et
922 1107 984 1166 iure
999 1107 1143 1168 ordinario
1156 1130 1183 1172 m

150 1190 325 1269 agebantur,
351 1201 429 1253 muta
457 1189 606 1250 consulum
631 1190 802 1249 auctoritate
820 1199 851 1249 nt
869 1189 960 1266 legati
982 1208 1020 1249 ex
1044 1190 1145 1252 Africa

150 1275 273 1336 adierint
295 1293 349 1336 eos
370 1283 542 1374 querentes,
569 1273 641 1334 trabi
667 1291 701 1333 se
721 1291 738 1332 a
759 1271 885 1334 Caesare
905 1273 941 1334 ad
961 1292 1046 1353 quem
1066 1276 1145 1336 missi

150 1359 256 1419 forent.
284 1359 349 1419 Nec
366 1362 485 1436 mirum,
499 1375 563 1417 cunr
576 1357 669 1438 palam
684 1366 764 1418 esset
770 1359 892 1437 ,ipsum
906 1375 1022 1438 quoque
1036 1359 1145 1420 eisdem

109 1453 143 1508 3²
153 1453 182 1504 et
194 1461 348 1520 assurgere
369 1452 399 1502 et
415 1441 561 1502 decedere
576 1444 632 1502 uia
663 1439 810 1521 Corripuit
826 1441 995 1502 consulares
1011 1444 1144 1504 exerciti·

151 1528 203 1585 bus
217 1528 414 1604 praepositos,
430 1525 507 1604 quod
522 1543 580 1584 uon
595 1525 630 1584 dc
645 1525 733 1586 rebus
744 1527 835 1601 gestis
848 1527 959 1586 senatui
971 1526 1144 1605 scriberent,
1157 1547 1185 1590 m

151 1608 285 1687 qnodque
305 1608 341 1668 de
360 1608 518 1668 tribuendis
533 1608 700 1706 qpibnsdam
715 1607 883 1670 militaribus
898 1609 983 1670 donis
997 1610 1034 1671 ad
1049 1629 1082 1671 ae
1099 1631 1144 1672 re·

150 1693 275 1768 terrent,
299 1695 380 1770 qnasi
402 1710 459 1752 non
481 1694 604 1751 omnium
625 1691 865 1753 tribuendorum
855 1695 913 1773 ipsi
931 1695 975 1754 ius
994 1693 1145 1755 baberent.

150 1775 318 1835 Praetorem
344 1775 541 1853 conlaudauit,
571 1775 649 1854 qnod
672 1774 785 1836 honore
810 1778 881 1838 inito
908 1777 1146 1840 consuetudinem

150 1861 293 1938 antiquam
316 1860 464 1920 retulisset
492 1859 528 1919 de
546 1859 703 1920 maioribus
722 1861 781 1919 suis
803 1878 857 1940 pro
879 1863 1015 1922 tentione
1036 1880 1146 1925 metuo·

148 1943 239 2004 randi
273 1943 457 2020 Quorundam
479 1943 627 2003 illustrium
650 1946 788 2023 exequias
808 1964 899 2024 usque
917 1946 953 2006 ad
967 1964 1072 2024 rogum
1086 1948 1185 2007 ire-ao

190 2031 306 2088 cutavit.

149 2047 187 2108 qn
213 2112 315 2173 Parem
340 2112 565 2173 moderationem
588 2113 746 2172 minoribus
772 2129 887 2192 quoque
908 2122 938 2172 et
958 2116 1093 2192 personis
1117 2123 1150 2174 et

149 2196 237 2256 rebus
256 2196 392 2257 exhibuit.
428 2195 499 2258 (lum
516 2197 693 2258 Rhodiorum
714 2199 913 2274 magistratus,
934 2196 1011 2276 quod
1033 2197 1150 2258 litteras

150 2280 281 2358 publicas
307 2283 370 2342 sine
391 2280 604 2361 subscriptione
627 2280 663 2341 ad
683 2299 717 2341 se
736 2280 890 2357 dederant,
913 2289 1086 2359 evocasset,
1109 2300 1150 2342 ne

149 2363 242 2423 verbo
261 2365 375 2444 quidem
395 2367 550 2426 insectatus
570 2374 726 2426 autentum
739 2363 826 2425 modo
844 2366 940 2424 iussos
959 2365 1191 2426 subscriberem

149 2448 268 2506 remisit.
308 2447 457 2525 Diogenes
482 2451 700 2527 grammaticus,
727 2450 873 2529 disputare
898 2447 1025 2509 sabbatis
1049 2448 1152 2510 Rhodi

149 2529 262 2609 solitus,
277 2533 441 2592 venientem
456 2551 535 2611 eum,
551 2543 581 2593 ut
596 2552 629 2593 se
645 2543 727 2594 extra
741 2532 870 2594 ordinem
884 2533 1006 2610 audiret,
1024 2550 1082 2592 non
1098 2533 1152 2594 ad·

148 2615 265 2674 miserat
287 2633 322 2675 ac
342 2634 396 2696 per
417 2618 562 2678 servolum
583 2620 707 2678 suumin
724 2617 964 2696 septimnmdiem
980 2616 1151 2688 distulerat;

148 2699 223 2761 bunc
239 2700 360 2778 Romae,
375 2699 516 2760 salutandi
530 2703 572 2762 sui
589 2719 675 2762 causa
687 2719 743 2781 pro
757 2701 868 2762 foribus
882 2700 1058 2777 adstantem,
1075 2701 1153 2762 nibil

148 2783 268 2862 amplius
292 2803 375 2863 quam
400 2793 430 2844 ut
454 2795 522 2864 post
547 2787 697 2864 septimum
722 2803 823 2847 anunm
850 2785 959 2845 rediret
987 2785 1193 2846 admonuisse
1222 2813 1223 2836 ι

147 2867 330 2929 Praesidibns
350 2869 509 2930 onerandas
529 2870 636 2930 tributo
656 2871 822 2949 provincias
839 2869 1024 2934 suadentibus
1039 2871 1153 2929 rescri-

149 2954 221 3032 psit,
238 2951 312 3013 doci
322 2953 464 3053 pastor-is
479 2971 547 3014 esse
560 2954 806 3032 toedet-epactes,
823 2971 884 3014 ιιοιι
900 2952 1074 3053 deplobme.
1222 2947 1223 2960 ¹

106 3050 140 3105 33
209 3036 346 3098 Paulatim
361 3039 521 3117 prinoipem
537 3041 650 3098 exeruit
651 3039 873 3117 ,praestititque
888 3039 942 3097 etsi
960 3037 1068 3097 uarium
1086 3036 1153 3116 diu,
1222 3033 1223 3048 ¹

148 3120 373 3182 commodiorem
392 3131 486 3182 tamen
503 3122 619 3200 saepius
636 3129 665 3181 et
682 3121 718 3180 ad
736 3123 872 3182 utilitates
883 3120 1014 3200 publicas
1026 3123 1153 3199 pronio-

146 3221 215 3263 rem.
237 3202 282 3263 Ae
294 3207 385 3283 primo
398 3214 515 3265 eatenus
528 3205 747 3282 interveniebat,
759 3223 796 3264 ne
810 3205 877 3284 quid
890 3223 1043 3283 perperam
1050 3206 1154 3266 lieret
1166 3220 1192 3260 as

146 3284 246 3363 ltaque
269 3297 298 3346 et
319 3291 538 3349 constitutiones
559 3297 674 3348 senatus
696 3287 831 3365 quasdam
853 3288 990 3366 rescidit,
1010 3297 1039 3348 et
1054 3292 1154 3367 magi·
1222 3293 1223 3338 l

148 3367 282 3428 stratibus
304 3389 359 3448 pro
378 3371 511 3432 tribunali
531 3371 776 3448 cognoscentibus
798 3370 968 3450 plerumque
989 3391 1022 3432 se
1038 3371 1154 3434 olfere-
1222 3429 1223 3432 ,

147 3450 197 3510 bat
210 3451 404 3513 consiliarium
417 3454 619 3534 assidebatque
634 3456 732 3513 iuxtim
747 3453 796 3514 vel
812 3453 1003 3515 exadversum
1017 3457 1047 3514 in
1059 3466 1155 3536 parte

1213 3527 1223 3560 i
