<?xml version="1.0" encoding="UTF-8"?>
<!DOCTYPE html PUBLIC "-//W3C//DTD XHTML 1.0 Transitional//EN"
    "http://www.w3.org/TR/xhtml1/DTD/xhtml1-transitional.dtd">
<html xmlns="http://www.w3.org/1999/xhtml" xml:lang="en" lang="en">
 <head>
  <title>
</title>
<meta http-equiv="Content-Type" content="text/html;charset=utf-8" />
  <meta name='ocr-system' content='tesseract 3.04.00' />
  <meta name='ocr-capabilities' content='ocr_page ocr_carea ocr_par ocr_line ocrx_word'/>
</head>
<body>
  <div class='ocr_page' id='page_1' title='image "./csuetonitranqui00suetgoog_0262.png"; bbox 0 0 2466 3896; ppageno 0'>
   <div class='ocr_carea' id='block_1_1' title="bbox 11 216 1222 3498">
    <p class='ocr_par' dir='ltr' id='par_1_1' title="bbox 11 216 1222 3498">
     <span class='ocr_line' id='line_1_1' title="bbox 457 216 1106 285; baseline 0.011 -7"><span class='ocrx_word' id='word_1_1' title='bbox 457 230 561 279; x_wconf 83' lang='lat' dir='ltr'><strong>ouvus</strong></span> <span class='ocrx_word' id='word_1_2' title='bbox 585 219 767 278; x_wconf 78' lang='lat' dir='ltr'><strong>eunomus.</strong></span> <span class='ocrx_word' id='word_1_3' title='bbox 841 216 844 222; x_wconf 86' lang='grc'><strong>’</strong></span> <span class='ocrx_word' id='word_1_4' title='bbox 1049 225 1106 285; x_wconf 83' lang='grc'><strong>151</strong></span> 
     </span>
     <span class='ocr_line' id='line_1_2' title="bbox 567 323 590 368; baseline 0 0"><span class='ocrx_word' id='word_1_5' title='bbox 567 323 590 368; x_wconf 65' lang='lat' dir='ltr'><strong>‚a</strong></span> 
     </span>
     <span class='ocr_line' id='line_1_3' title="bbox 113 384 1108 469; baseline 0.001 -19"><span class='ocrx_word' id='word_1_6' title='bbox 113 406 148 450; x_wconf 93' lang='lat' dir='ltr'><strong>ac</strong></span> <span class='ocrx_word' id='word_1_7' title='bbox 164 386 294 447; x_wconf 92' lang='lat' dir='ltr'><strong>damnum</strong></span> <span class='ocrx_word' id='word_1_8' title='bbox 315 384 489 446; x_wconf 74' lang='lat' dir='ltr'>liberalitate</span> <span class='ocrx_word' id='word_1_9' title='bbox 510 404 561 446; x_wconf 92' lang='lat' dir='ltr'><strong>sua</strong></span> <span class='ocrx_word' id='word_1_10' title='bbox 582 394 757 448; x_wconf 91' lang='lat' dir='ltr'><strong>resarturum</strong></span> <span class='ocrx_word' id='word_1_11' title='bbox 779 388 946 469; x_wconf 76' lang='lat' dir='ltr'><strong>pollicente.</strong></span> <span class='ocrx_word' id='word_1_12' title='bbox 991 390 1045 466; x_wconf 81' lang='lat' dir='ltr'><strong>Qui</strong></span> <span class='ocrx_word' id='word_1_13' title='bbox 1068 401 1108 452; x_wconf 88' lang='lat' dir='ltr'><strong>ta·</strong></span> 
     </span>
     <span class='ocr_line' id='line_1_4' title="bbox 113 469 1107 554; baseline 0.001 -21"><span class='ocrx_word' id='word_1_14' title='bbox 113 491 177 533; x_wconf 90' lang='lat' dir='ltr'><strong>men</strong></span> <span class='ocrx_word' id='word_1_15' title='bbox 194 472 320 530; x_wconf 91' lang='lat' dir='ltr'><strong>moriens</strong></span> <span class='ocrx_word' id='word_1_16' title='bbox 335 479 364 529; x_wconf 92' lang='lat' dir='ltr'><strong>et</strong></span> <span class='ocrx_word' id='word_1_17' title='bbox 378 471 406 529; x_wconf 94' lang='lat' dir='ltr'><strong>in</strong></span> <span class='ocrx_word' id='word_1_18' title='bbox 422 472 514 530; x_wconf 89' lang='lat' dir='ltr'><strong>tertiis</strong></span> <span class='ocrx_word' id='word_1_19' title='bbox 528 469 685 530; x_wconf 84' lang='lat' dir='ltr'>heredibus</span> <span class='ocrx_word' id='word_1_20' title='bbox 701 491 765 533; x_wconf 93' lang='lat' dir='ltr'><strong>eum</strong></span> <span class='ocrx_word' id='word_1_21' title='bbox 780 491 818 534; x_wconf 93' lang='lat' dir='ltr'><strong>ex</strong></span> <span class='ocrx_word' id='word_1_22' title='bbox 836 483 918 554; x_wconf 89' lang='lat' dir='ltr'><strong>parte</strong></span> <span class='ocrx_word' id='word_1_23' title='bbox 937 477 1021 535; x_wconf 87' lang='lat' dir='ltr'><strong>tertia</strong></span> <span class='ocrx_word' id='word_1_24' title='bbox 1036 494 1107 536; x_wconf 90' lang='lat' dir='ltr'><strong>nun·</strong></span> 
     </span>
     <span class='ocr_line' id='line_1_5' title="bbox 13 542 1214 642; baseline -0.001 -25"><span class='ocrx_word' id='word_1_25' title='bbox 13 576 16 593; x_wconf 78' lang='lat'>¹</span> <span class='ocrx_word' id='word_1_26' title='bbox 116 565 262 636; x_wconf 93' lang='lat' dir='ltr'><strong>cupatum,</strong></span> <span class='ocrx_word' id='word_1_27' title='bbox 284 554 383 632; x_wconf 89' lang='lat' dir='ltr'><strong>legato</strong></span> <span class='ocrx_word' id='word_1_28' title='bbox 399 556 484 617; x_wconf 85' lang='lat' dir='ltr'><strong>etiam</strong></span> <span class='ocrx_word' id='word_1_29' title='bbox 502 557 580 614; x_wconf 92' lang='lat' dir='ltr'><strong>circa</strong></span> <span class='ocrx_word' id='word_1_30' title='bbox 595 558 724 642; x_wconf 69' lang='lat' dir='ltr'><strong>sestertii</strong></span> <span class='ocrx_word' id='word_1_31' title='bbox 734 559 825 618; x_wconf 90' lang='lat' dir='ltr'><strong>vicies</strong></span> <span class='ocrx_word' id='word_1_32' title='bbox 843 568 1016 638; x_wconf 90' lang='lat' dir='ltr'><strong>prosecutus</strong></span> <span class='ocrx_word' id='word_1_33' title='bbox 1032 542 1214 622; x_wconf 67' lang='lat' dir='ltr'><strong>comltouac</strong></span> 
     </span>
     <span class='ocr_line' id='line_1_6' title="bbox 12 595 1109 723; baseline 0.005 -25"><span class='ocrx_word' id='word_1_34' title='bbox 12 595 28 698; x_wconf 77' lang='lat' dir='ltr'><strong>l</strong></span> <span class='ocrx_word' id='word_1_35' title='bbox 113 639 255 701; x_wconf 89' lang='lat' dir='ltr'><strong>mendavit</strong></span> <span class='ocrx_word' id='word_1_36' title='bbox 275 640 393 718; x_wconf 85' lang='lat' dir='ltr'><strong>insuper</strong></span> <span class='ocrx_word' id='word_1_37' title='bbox 416 638 593 700; x_wconf 77' lang='lat' dir='ltr'><strong>exercitibus</strong></span> <span class='ocrx_word' id='word_1_38' title='bbox 614 657 650 699; x_wconf 95' lang='lat' dir='ltr'><strong>ac</strong></span> <span class='ocrx_word' id='word_1_39' title='bbox 670 643 780 701; x_wconf 91' lang='lat' dir='ltr'><strong>senatui</strong></span> <span class='ocrx_word' id='word_1_40' title='bbox 801 642 968 723; x_wconf 87' lang='lat' dir='ltr'><strong>populoque</strong></span> <span class='ocrx_word' id='word_1_41' title='bbox 982 645 1018 704; x_wconf 82' lang='lat' dir='ltr'><strong>ll.</strong></span> <span class='ocrx_word' id='word_1_42' title='bbox 1034 645 1109 704; x_wconf 85' lang='lat' dir='ltr'><strong>inter</strong></span> 
     </span>
     <span class='ocr_line' id='line_1_7' title="bbox 11 705 1155 814; baseline -0.01 -25"><span class='ocrx_word' id='word_1_43' title='bbox 11 705 16 814; x_wconf 77' lang='lat' dir='ltr'><strong>l</strong></span> <span class='ocrx_word' id='word_1_44' title='bbox 92 734 227 790; x_wconf 77' lang='lat' dir='ltr'><strong>eceterae</strong></span> <span class='ocrx_word' id='word_1_45' title='bbox 242 723 471 784; x_wconf 83' lang='lat' dir='ltr'><strong>necessitudines</strong></span> <span class='ocrx_word' id='word_1_46' title='bbox 486 725 658 784; x_wconf 92' lang='lat' dir='ltr'><strong>nominatim.</strong></span> <span class='ocrx_word' id='word_1_47' title='bbox 1120 765 1155 780; x_wconf 72' lang='lat'><em>„</em></span> 
     </span>
     <span class='ocr_line' id='line_1_8' title="bbox 175 807 1140 886; baseline 0.006 -17"><span class='ocrx_word' id='word_1_48' title='bbox 175 808 233 870; x_wconf 89' lang='lat' dir='ltr'><strong>Sub</strong></span> <span class='ocrx_word' id='word_1_49' title='bbox 255 807 325 868; x_wconf 87' lang='lat' dir='ltr'><strong>Gaio</strong></span> <span class='ocrx_word' id='word_1_50' title='bbox 338 807 449 868; x_wconf 93' lang='lat' dir='ltr'><strong>demum</strong></span> <span class='ocrx_word' id='word_1_51' title='bbox 470 809 568 868; x_wconf 90' lang='lat' dir='ltr'><strong>fratris</strong></span> <span class='ocrx_word' id='word_1_52' title='bbox 590 807 665 886; x_wconf 85' lang='lat' dir='ltr'><strong>lilio,</strong></span> <span class='ocrx_word' id='word_1_53' title='bbox 698 808 852 869; x_wconf 89' lang='lat' dir='ltr'><strong>secundam</strong></span> <span class='ocrx_word' id='word_1_54' title='bbox 871 812 1140 875; x_wconf 70' lang='lat' dir='ltr'><strong>existimationem?</strong></span> 
     </span>
     <span class='ocr_line' id='line_1_9' title="bbox 12 890 1218 972; baseline 0.007 -24"><span class='ocrx_word' id='word_1_55' title='bbox 12 923 13 948; x_wconf 71' lang='grc'>;</span> <span class='ocrx_word' id='word_1_56' title='bbox 114 896 189 955; x_wconf 89' lang='lat' dir='ltr'><strong>circa</strong></span> <span class='ocrx_word' id='word_1_57' title='bbox 212 893 290 952; x_wconf 92' lang='lat' dir='ltr'><strong>initia</strong></span> <span class='ocrx_word' id='word_1_58' title='bbox 314 893 426 970; x_wconf 87' lang='lat' dir='ltr'><strong>imperii</strong></span> <span class='ocrx_word' id='word_1_59' title='bbox 448 890 579 952; x_wconf 91' lang='lat' dir='ltr'><strong>omnibus</strong></span> <span class='ocrx_word' id='word_1_60' title='bbox 604 892 756 952; x_wconf 89' lang='lat' dir='ltr'><strong>lenociniis</strong></span> <span class='ocrx_word' id='word_1_61' title='bbox 777 892 952 972; x_wconf 81' lang='lat' dir='ltr'><strong>colligente,</strong></span> <span class='ocrx_word' id='word_1_62' title='bbox 983 895 1109 956; x_wconf 90' lang='lat' dir='ltr'><strong>honores</strong></span> <span class='ocrx_word' id='word_1_63' title='bbox 1127 907 1218 972; x_wconf 62' lang='lat' dir='ltr'><strong>syce</strong></span> 
     </span>
     <span class='ocr_line' id='line_1_10' title="bbox 11 959 1212 1057; baseline -0.004 -18"><span class='ocrx_word' id='word_1_64' title='bbox 11 959 24 1050; x_wconf 84' lang='lat' dir='ltr'><strong>l.</strong></span> <span class='ocrx_word' id='word_1_65' title='bbox 113 979 277 1057; x_wconf 84' lang='lat' dir='ltr'><strong>auspicatus</strong></span> <span class='ocrx_word' id='word_1_66' title='bbox 295 977 472 1037; x_wconf 90' lang='lat' dir='ltr'><strong>consulatum</strong></span> <span class='ocrx_word' id='word_1_67' title='bbox 484 978 576 1053; x_wconf 85' lang='lat' dir='ltr'><strong>gessit</strong></span> <span class='ocrx_word' id='word_1_68' title='bbox 595 995 650 1036; x_wconf 90' lang='lat' dir='ltr'><strong>una</strong></span> <span class='ocrx_word' id='word_1_69' title='bbox 671 995 725 1057; x_wconf 85' lang='lat' dir='ltr'><strong>per</strong></span> <span class='ocrx_word' id='word_1_70' title='bbox 745 976 818 1038; x_wconf 92' lang='lat' dir='ltr'><strong>duos</strong></span> <span class='ocrx_word' id='word_1_71' title='bbox 837 995 969 1055; x_wconf 86' lang='lat' dir='ltr'><strong>menses,</strong></span> <span class='ocrx_word' id='word_1_72' title='bbox 1000 983 1108 1039; x_wconf 88' lang='lat' dir='ltr'><strong>evenit·</strong></span> <span class='ocrx_word' id='word_1_73' title='bbox 1124 993 1212 1052; x_wconf 36' lang='lat' dir='ltr'><strong>tatu,</strong></span> 
     </span>
     <span class='ocr_line' id='line_1_11' title="bbox 113 1043 1222 1141; baseline 0.005 -19"><span class='ocrx_word' id='word_1_74' title='bbox 113 1082 167 1141; x_wconf 90' lang='lat' dir='ltr'><strong>que</strong></span> <span class='ocrx_word' id='word_1_75' title='bbox 182 1071 211 1121; x_wconf 91' lang='lat' dir='ltr'><strong>ut</strong></span> <span class='ocrx_word' id='word_1_76' title='bbox 227 1061 355 1141; x_wconf 91' lang='lat' dir='ltr'><strong>primitus</strong></span> <span class='ocrx_word' id='word_1_77' title='bbox 372 1061 543 1138; x_wconf 85' lang='lat' dir='ltr'><strong>ingredienti</strong></span> <span class='ocrx_word' id='word_1_78' title='bbox 560 1079 623 1120; x_wconf 92' lang='lat' dir='ltr'><strong>cum</strong></span> <span class='ocrx_word' id='word_1_79' title='bbox 637 1061 766 1123; x_wconf 88' lang='lat' dir='ltr'><strong>fascibus</strong></span> <span class='ocrx_word' id='word_1_80' title='bbox 779 1061 872 1120; x_wconf 89' lang='lat' dir='ltr'><strong>forum</strong></span> <span class='ocrx_word' id='word_1_81' title='bbox 889 1063 1108 1140; x_wconf 88' lang='lat' dir='ltr'><strong>praetervolans</strong></span> <span class='ocrx_word' id='word_1_82' title='bbox 1125 1043 1129 1064; x_wconf 57' lang='lat'><em>⁴</em></span> <span class='ocrx_word' id='word_1_83' title='bbox 1146 1051 1222 1128; x_wconf 45' lang='grc' dir='ltr'><strong>ΨΦ</strong></span> 
     </span>
     <span class='ocr_line' id='line_1_12' title="bbox 76 1144 1108 1226; baseline -0.002 -18"><span class='ocrx_word' id='word_1_84' title='bbox 76 1173 104 1214; x_wconf 76' lang='grc' dir='ltr'><strong>ιο</strong></span> <span class='ocrx_word' id='word_1_85' title='bbox 113 1147 206 1226; x_wconf 90' lang='lat' dir='ltr'><strong>aquila</strong></span> <span class='ocrx_word' id='word_1_86' title='bbox 225 1145 390 1206; x_wconf 85' lang='lat' dir='ltr'><strong>dexteriore</strong></span> <span class='ocrx_word' id='word_1_87' title='bbox 411 1162 510 1205; x_wconf 90' lang='lat' dir='ltr'><strong>umero</strong></span> <span class='ocrx_word' id='word_1_88' title='bbox 533 1144 707 1205; x_wconf 88' lang='lat' dir='ltr'><strong>consideret.</strong></span> <span class='ocrx_word' id='word_1_89' title='bbox 752 1146 876 1205; x_wconf 91' lang='lat' dir='ltr'><strong>Sortitus</strong></span> <span class='ocrx_word' id='word_1_90' title='bbox 898 1155 990 1205; x_wconf 89' lang='lat' dir='ltr'><strong>estet</strong></span> <span class='ocrx_word' id='word_1_91' title='bbox 1013 1145 1048 1205; x_wconf 97' lang='lat' dir='ltr'><strong>de</strong></span> <span class='ocrx_word' id='word_1_92' title='bbox 1068 1147 1108 1206; x_wconf 94' lang='lat' dir='ltr'><strong>al-</strong></span> 
     </span>
     <span class='ocr_line' id='line_1_13' title="bbox 112 1229 1107 1308; baseline -0.004 -16"><span class='ocrx_word' id='word_1_93' title='bbox 112 1243 174 1292; x_wconf 89' lang='lat' dir='ltr'><strong>tero</strong></span> <span class='ocrx_word' id='word_1_94' title='bbox 208 1229 357 1290; x_wconf 89' lang='lat' dir='ltr'><strong>consulatu</strong></span> <span class='ocrx_word' id='word_1_95' title='bbox 384 1230 413 1289; x_wconf 92' lang='lat' dir='ltr'><strong>in</strong></span> <span class='ocrx_word' id='word_1_96' title='bbox 442 1238 570 1308; x_wconf 91' lang='lat' dir='ltr'><strong>quartum</strong></span> <span class='ocrx_word' id='word_1_97' title='bbox 592 1247 709 1299; x_wconf 90' lang='lat' dir='ltr'><strong>annum;</strong></span> <span class='ocrx_word' id='word_1_98' title='bbox 739 1229 942 1308; x_wconf 86' lang='lat' dir='ltr'><strong>praeseditque</strong></span> <span class='ocrx_word' id='word_1_99' title='bbox 972 1247 1107 1290; x_wconf 92' lang='lat' dir='ltr'><strong>nonnum-</strong></span> 
     </span>
     <span class='ocr_line' id='line_1_14' title="bbox 113 1312 1109 1396; baseline -0.001 -21"><span class='ocrx_word' id='word_1_100' title='bbox 113 1332 194 1396; x_wconf 89' lang='lat' dir='ltr'><strong>quam</strong></span> <span class='ocrx_word' id='word_1_101' title='bbox 212 1313 389 1392; x_wconf 91' lang='lat' dir='ltr'><strong>spectaculis</strong></span> <span class='ocrx_word' id='word_1_102' title='bbox 403 1315 432 1372; x_wconf 91' lang='lat' dir='ltr'><strong>iu</strong></span> <span class='ocrx_word' id='word_1_103' title='bbox 446 1312 496 1373; x_wconf 88' lang='lat' dir='ltr'><strong>Gai</strong></span> <span class='ocrx_word' id='word_1_104' title='bbox 511 1315 622 1389; x_wconf 87' lang='lat' dir='ltr'><strong>vicem,</strong></span> <span class='ocrx_word' id='word_1_105' title='bbox 648 1314 824 1374; x_wconf 88' lang='lat' dir='ltr'><strong>adclamante</strong></span> <span class='ocrx_word' id='word_1_106' title='bbox 845 1313 970 1393; x_wconf 92' lang='lat' dir='ltr'><strong>populo:</strong></span> <span class='ocrx_word' id='word_1_107' title='bbox 997 1312 1109 1375; x_wconf 68' lang='lat' dir='ltr'><strong>notice</strong></span> 
     </span>
     <span class='ocr_line' id='line_1_15' title="bbox 112 1396 1109 1479; baseline -0.003 -19"><span class='ocrx_word' id='word_1_108' title='bbox 112 1407 157 1460; x_wconf 86' lang='lat' dir='ltr'><strong>ter</strong></span> <span class='ocrx_word' id='word_1_109' title='bbox 183 1401 287 1479; x_wconf 89' lang='lat' dir='ltr'><strong>partim</strong></span> <span class='ocrx_word' id='word_1_110' title='bbox 309 1403 424 1475; x_wconf 81' lang='lat' dir='ltr'><strong>petram</strong></span> <span class='ocrx_word' id='word_1_111' title='bbox 451 1396 650 1475; x_wconf 79' lang='lat' dir='ltr'><strong>imperatoris</strong></span> <span class='ocrx_word' id='word_1_112' title='bbox 671 1399 774 1478; x_wconf 90' lang='lat' dir='ltr'><strong>partim</strong></span> <span class='ocrx_word' id='word_1_113' title='bbox 796 1398 972 1459; x_wconf 78' lang='lat' dir='ltr'><strong>Germanici</strong></span> <span class='ocrx_word' id='word_1_114' title='bbox 994 1396 1109 1476; x_wconf 79' lang='lat' dir='ltr'><strong>fratri!</strong></span> 
     </span>
     <span class='ocr_line' id='line_1_16' title="bbox 110 1481 1143 1562; baseline -0.003 -19"><span class='ocrx_word' id='word_1_115' title='bbox 110 1484 174 1544; x_wconf 90' lang='lat' dir='ltr'><strong>Nec</strong></span> <span class='ocrx_word' id='word_1_116' title='bbox 192 1500 227 1542; x_wconf 91' lang='lat' dir='ltr'><strong>eo</strong></span> <span class='ocrx_word' id='word_1_117' title='bbox 243 1483 334 1541; x_wconf 91' lang='lat' dir='ltr'><strong>minus</strong></span> <span class='ocrx_word' id='word_1_118' title='bbox 350 1481 529 1542; x_wconf 90' lang='lat' dir='ltr'><strong>contumeliis</strong></span> <span class='ocrx_word' id='word_1_119' title='bbox 550 1481 692 1543; x_wconf 90' lang='lat' dir='ltr'><strong>obnoxius</strong></span> <span class='ocrx_word' id='word_1_120' title='bbox 709 1484 787 1543; x_wconf 90' lang='lat' dir='ltr'><strong>vixit.</strong></span> <span class='ocrx_word' id='word_1_121' title='bbox 830 1483 904 1543; x_wconf 88' lang='lat' dir='ltr'><strong>Nam</strong></span> <span class='ocrx_word' id='word_1_122' title='bbox 924 1491 953 1542; x_wconf 89' lang='lat' dir='ltr'><strong>et</strong></span> <span class='ocrx_word' id='word_1_123' title='bbox 973 1485 998 1543; x_wconf 95' lang='lat' dir='ltr'><strong>si</strong></span> <span class='ocrx_word' id='word_1_124' title='bbox 1020 1483 1143 1562; x_wconf 87' lang='lat' dir='ltr'><strong>pau108</strong></span> 
     </span>
     <span class='ocr_line' id='line_1_17' title="bbox 11 1563 1203 1644; baseline -0.003 -16"><span class='ocrx_word' id='word_1_125' title='bbox 11 1563 13 1576; x_wconf 91' lang='lat'>&#39;</span> <span class='ocrx_word' id='word_1_126' title='bbox 75 1569 204 1633; x_wconf 74' lang='lat' dir='ltr'><strong>asserius</strong></span> <span class='ocrx_word' id='word_1_127' title='bbox 230 1565 267 1626; x_wconf 94' lang='lat' dir='ltr'><strong>ad</strong></span> <span class='ocrx_word' id='word_1_128' title='bbox 292 1564 468 1644; x_wconf 89' lang='lat' dir='ltr'><strong>praedictam</strong></span> <span class='ocrx_word' id='word_1_129' title='bbox 497 1584 604 1626; x_wconf 91' lang='lat' dir='ltr'><strong>caenae</strong></span> <span class='ocrx_word' id='word_1_130' title='bbox 639 1566 738 1628; x_wconf 91' lang='lat' dir='ltr'><strong>horam</strong></span> <span class='ocrx_word' id='word_1_131' title='bbox 770 1569 960 1644; x_wconf 89' lang='lat' dir='ltr'><strong>occurrisset,</strong></span> <span class='ocrx_word' id='word_1_132' title='bbox 994 1567 1109 1627; x_wconf 91' lang='lat' dir='ltr'><strong>nonnisi</strong></span> <span class='ocrx_word' id='word_1_133' title='bbox 1200 1623 1203 1632; x_wconf 21' lang='grc' dir='ltr'>λ</span> 
     </span>
     <span class='ocr_line' id='line_1_18' title="bbox 110 1650 1109 1732; baseline -0.002 -20"><span class='ocrx_word' id='word_1_134' title='bbox 110 1658 246 1729; x_wconf 81' lang='lat' dir='ltr'><strong>aegrest</strong></span> <span class='ocrx_word' id='word_1_135' title='bbox 269 1650 388 1709; x_wconf 90' lang='lat' dir='ltr'><strong>circuito</strong></span> <span class='ocrx_word' id='word_1_136' title='bbox 406 1650 516 1711; x_wconf 91' lang='lat' dir='ltr'><strong>demum</strong></span> <span class='ocrx_word' id='word_1_137' title='bbox 539 1651 663 1711; x_wconf 88' lang='lat' dir='ltr'><strong>triclinio</strong></span> <span class='ocrx_word' id='word_1_138' title='bbox 685 1651 894 1730; x_wconf 86' lang='lat' dir='ltr'><strong>recipiebatur,</strong></span> <span class='ocrx_word' id='word_1_139' title='bbox 927 1662 955 1711; x_wconf 92' lang='lat' dir='ltr'><strong>et</strong></span> <span class='ocrx_word' id='word_1_140' title='bbox 977 1653 1109 1732; x_wconf 92' lang='lat' dir='ltr'><strong>quotiens</strong></span> 
     </span>
     <span class='ocr_line' id='line_1_19' title="bbox 111 1732 1110 1816; baseline 0.001 -22"><span class='ocrx_word' id='word_1_141' title='bbox 111 1743 178 1816; x_wconf 91' lang='lat' dir='ltr'><strong>post</strong></span> <span class='ocrx_word' id='word_1_142' title='bbox 195 1732 286 1792; x_wconf 91' lang='lat' dir='ltr'><strong>cibum</strong></span> <span class='ocrx_word' id='word_1_143' title='bbox 303 1733 541 1813; x_wconf 89' lang='lat' dir='ltr'><strong>addormisceret,</strong></span> <span class='ocrx_word' id='word_1_144' title='bbox 573 1735 650 1815; x_wconf 96' lang='lat' dir='ltr'><strong>quod</strong></span> <span class='ocrx_word' id='word_1_145' title='bbox 664 1737 690 1796; x_wconf 90' lang='lat' dir='ltr'><strong>ei</strong></span> <span class='ocrx_word' id='word_1_146' title='bbox 705 1737 769 1796; x_wconf 89' lang='lat' dir='ltr'><strong>lere</strong></span> <span class='ocrx_word' id='word_1_147' title='bbox 789 1737 957 1813; x_wconf 90' lang='lat' dir='ltr'><strong>accidebat,</strong></span> <span class='ocrx_word' id='word_1_148' title='bbox 982 1737 1110 1797; x_wconf 91' lang='lat' dir='ltr'><strong>olearum</strong></span> 
     </span>
     <span class='ocr_line' id='line_1_20' title="bbox 11 1817 1109 1898; baseline -0.002 -16"><span class='ocrx_word' id='word_1_149' title='bbox 11 1861 14 1882; x_wconf 60' lang='lat' dir='ltr'><strong>t</strong></span> <span class='ocrx_word' id='word_1_150' title='bbox 111 1827 159 1880; x_wconf 93' lang='lat' dir='ltr'><strong>aut</strong></span> <span class='ocrx_word' id='word_1_151' title='bbox 185 1817 371 1896; x_wconf 90' lang='lat' dir='ltr'><strong>palmularum</strong></span> <span class='ocrx_word' id='word_1_152' title='bbox 398 1819 511 1879; x_wconf 92' lang='lat' dir='ltr'><strong>ossibus</strong></span> <span class='ocrx_word' id='word_1_153' title='bbox 537 1819 753 1898; x_wconf 88' lang='lat' dir='ltr'><strong>incessebatur,</strong></span> <span class='ocrx_word' id='word_1_154' title='bbox 775 1821 916 1881; x_wconf 91' lang='lat' dir='ltr'><strong>interdum</strong></span> <span class='ocrx_word' id='word_1_155' title='bbox 941 1821 1033 1880; x_wconf 90' lang='lat' dir='ltr'><strong>ferula</strong></span> <span class='ocrx_word' id='word_1_156' title='bbox 1060 1819 1109 1880; x_wconf 94' lang='lat' dir='ltr'><strong>lla·</strong></span> 
     </span>
     <span class='ocr_line' id='line_1_21' title="bbox 110 1897 1222 1988; baseline 0.003 -28"><span class='ocrx_word' id='word_1_157' title='bbox 110 1918 204 1981; x_wconf 91' lang='lat' dir='ltr'><strong>grove</strong></span> <span class='ocrx_word' id='word_1_158' title='bbox 227 1901 306 1961; x_wconf 84' lang='lat' dir='ltr'><strong>velut</strong></span> <span class='ocrx_word' id='word_1_159' title='bbox 328 1920 381 1981; x_wconf 89' lang='lat' dir='ltr'><strong>per</strong></span> <span class='ocrx_word' id='word_1_160' title='bbox 401 1903 497 1963; x_wconf 93' lang='lat' dir='ltr'><strong>ludum</strong></span> <span class='ocrx_word' id='word_1_161' title='bbox 519 1904 698 1964; x_wconf 82' lang='lat' dir='ltr'><strong>excitabatur</strong></span> <span class='ocrx_word' id='word_1_162' title='bbox 715 1923 731 1964; x_wconf 91' lang='lat' dir='ltr'><strong>a</strong></span> <span class='ocrx_word' id='word_1_163' title='bbox 748 1907 874 1988; x_wconf 82' lang='lat' dir='ltr'><strong>copreis.</strong></span> <span class='ocrx_word' id='word_1_164' title='bbox 908 1903 1059 1964; x_wconf 69' lang='lat' dir='ltr'><strong>vSolebant</strong></span> <span class='ocrx_word' id='word_1_165' title='bbox 1082 1913 1110 1963; x_wconf 91' lang='lat' dir='ltr'><strong>et</strong></span> <span class='ocrx_word' id='word_1_166' title='bbox 1137 1897 1197 1964; x_wconf 66' lang='lat' dir='ltr'><strong>nt,</strong></span> <span class='ocrx_word' id='word_1_167' title='bbox 1221 1945 1222 1954; x_wconf 23' lang='grc' dir='ltr'><strong>η</strong></span> 
     </span>
     <span class='ocr_line' id='line_1_22' title="bbox 19 1985 1110 2067; baseline -0.004 -17"><span class='ocrx_word' id='word_1_168' title='bbox 19 2029 22 2033; x_wconf 95' lang='grc'>-</span> <span class='ocrx_word' id='word_1_169' title='bbox 70 1985 240 2050; x_wconf 80' lang='lat' dir='ltr'><strong>romanibus</strong></span> <span class='ocrx_word' id='word_1_170' title='bbox 266 1987 411 2045; x_wconf 87' lang='lat' dir='ltr'><strong>stertentis</strong></span> <span class='ocrx_word' id='word_1_171' title='bbox 438 1986 519 2046; x_wconf 92' lang='lat' dir='ltr'><strong>socci</strong></span> <span class='ocrx_word' id='word_1_172' title='bbox 547 1986 657 2067; x_wconf 87' lang='lat' dir='ltr'><strong>induci,</strong></span> <span class='ocrx_word' id='word_1_173' title='bbox 689 1998 719 2048; x_wconf 93' lang='lat' dir='ltr'><strong>ut</strong></span> <span class='ocrx_word' id='word_1_174' title='bbox 738 1998 859 2067; x_wconf 92' lang='lat' dir='ltr'><strong>repente</strong></span> <span class='ocrx_word' id='word_1_175' title='bbox 883 1988 1110 2066; x_wconf 88' lang='lat' dir='ltr'><strong>expergefactus</strong></span> 
     </span>
     <span class='ocr_line' id='line_1_23' title="bbox 108 2069 1145 2134; baseline 0.003 -3"><span class='ocrx_word' id='word_1_176' title='bbox 108 2070 214 2131; x_wconf 89' lang='lat' dir='ltr'><strong>faciem</strong></span> <span class='ocrx_word' id='word_1_177' title='bbox 230 2069 343 2129; x_wconf 91' lang='lat' dir='ltr'><strong>sibimet</strong></span> <span class='ocrx_word' id='word_1_178' title='bbox 360 2070 542 2130; x_wconf 88' lang='lat' dir='ltr'><strong>confricaret.</strong></span> <span class='ocrx_word' id='word_1_179' title='bbox 1125 2111 1145 2134; x_wconf 85' lang='lat'><strong>.-.</strong></span> 
     </span>
     <span class='ocr_line' id='line_1_24' title="bbox 173 2154 1141 2234; baseline 0.001 -20"><span class='ocrx_word' id='word_1_180' title='bbox 173 2154 231 2214; x_wconf 88' lang='lat' dir='ltr'><strong>Sed</strong></span> <span class='ocrx_word' id='word_1_181' title='bbox 258 2173 294 2214; x_wconf 94' lang='lat' dir='ltr'><strong>ne</strong></span> <span class='ocrx_word' id='word_1_182' title='bbox 320 2154 530 2214; x_wconf 89' lang='lat' dir='ltr'><strong>discriminibus</strong></span> <span class='ocrx_word' id='word_1_183' title='bbox 556 2155 669 2232; x_wconf 90' lang='lat' dir='ltr'><strong>quidem</strong></span> <span class='ocrx_word' id='word_1_184' title='bbox 698 2156 795 2215; x_wconf 89' lang='lat' dir='ltr'><strong>caruit.</strong></span> <span class='ocrx_word' id='word_1_185' title='bbox 840 2154 963 2214; x_wconf 90' lang='lat' dir='ltr'><strong>l’rimum</strong></span> <span class='ocrx_word' id='word_1_186' title='bbox 989 2155 1018 2213; x_wconf 93' lang='lat' dir='ltr'><strong>in</strong></span> <span class='ocrx_word' id='word_1_187' title='bbox 1043 2155 1141 2234; x_wconf 75' lang='lat' dir='ltr'><strong>ipset)</strong></span> 
     </span>
     <span class='ocr_line' id='line_1_25' title="bbox 11 2237 1110 2319; baseline -0.001 -20"><span class='ocrx_word' id='word_1_188' title='bbox 11 2305 12 2318; x_wconf 43' lang='lat'><strong>,</strong></span> <span class='ocrx_word' id='word_1_189' title='bbox 110 2237 286 2317; x_wconf 83' lang='lat' dir='ltr'><strong>consulatu„</strong></span> <span class='ocrx_word' id='word_1_190' title='bbox 298 2238 374 2319; x_wconf 94' lang='lat' dir='ltr'><strong>quod</strong></span> <span class='ocrx_word' id='word_1_191' title='bbox 389 2239 514 2300; x_wconf 90' lang='lat' dir='ltr'><strong>Neronis</strong></span> <span class='ocrx_word' id='word_1_192' title='bbox 529 2247 558 2298; x_wconf 93' lang='lat' dir='ltr'><strong>et</strong></span> <span class='ocrx_word' id='word_1_193' title='bbox 570 2238 672 2316; x_wconf 90' lang='lat' dir='ltr'><strong>Drusi,</strong></span> <span class='ocrx_word' id='word_1_194' title='bbox 695 2239 812 2298; x_wconf 88' lang='lat' dir='ltr'><strong>fratrum</strong></span> <span class='ocrx_word' id='word_1_195' title='bbox 829 2237 980 2315; x_wconf 79' lang='lat' dir='ltr'><strong>Caesaris,</strong></span> <span class='ocrx_word' id='word_1_196' title='bbox 1003 2247 1110 2299; x_wconf 91' lang='lat' dir='ltr'><strong>statuas</strong></span> 
     </span>
     <span class='ocr_line' id='line_1_26' title="bbox 11 2317 1109 2403; baseline 0 -21"><span class='ocrx_word' id='word_1_197' title='bbox 11 2317 32 2336; x_wconf 81' lang='lat'><strong>&#39;&#39;</strong></span> <span class='ocrx_word' id='word_1_198' title='bbox 110 2325 227 2400; x_wconf 88' lang='lat' dir='ltr'><strong>segnius</strong></span> <span class='ocrx_word' id='word_1_199' title='bbox 242 2322 380 2384; x_wconf 91' lang='lat' dir='ltr'><strong>locandas</strong></span> <span class='ocrx_word' id='word_1_200' title='bbox 396 2322 604 2403; x_wconf 89' lang='lat' dir='ltr'><strong>ponendasque</strong></span> <span class='ocrx_word' id='word_1_201' title='bbox 621 2331 765 2400; x_wconf 88' lang='lat' dir='ltr'><strong>curasset,</strong></span> <span class='ocrx_word' id='word_1_202' title='bbox 796 2341 889 2401; x_wconf 90' lang='lat' dir='ltr'><strong>paene</strong></span> <span class='ocrx_word' id='word_1_203' title='bbox 909 2322 1020 2383; x_wconf 88' lang='lat' dir='ltr'><strong>honore</strong></span> <span class='ocrx_word' id='word_1_204' title='bbox 1037 2341 1109 2382; x_wconf 89' lang='lat' dir='ltr'><strong>sum-</strong></span> 
     </span>
     <span class='ocr_line' id='line_1_27' title="bbox 73 2406 1109 2486; baseline -0.002 -16"><span class='ocrx_word' id='word_1_205' title='bbox 73 2416 204 2471; x_wconf 81' lang='lat' dir='ltr'><strong>asmotus</strong></span> <span class='ocrx_word' id='word_1_206' title='bbox 226 2416 284 2476; x_wconf 82' lang='lat' dir='ltr'><strong>est:</strong></span> <span class='ocrx_word' id='word_1_207' title='bbox 318 2407 420 2468; x_wconf 91' lang='lat' dir='ltr'><strong>deinde</strong></span> <span class='ocrx_word' id='word_1_208' title='bbox 442 2416 581 2468; x_wconf 89' lang='lat' dir='ltr'><strong>extraneo</strong></span> <span class='ocrx_word' id='word_1_209' title='bbox 603 2407 752 2468; x_wconf 88' lang='lat' dir='ltr'><strong>ueletiam</strong></span> <span class='ocrx_word' id='word_1_210' title='bbox 773 2406 994 2468; x_wconf 89' lang='lat' dir='ltr'><strong>domesticorum</strong></span> <span class='ocrx_word' id='word_1_211' title='bbox 1012 2407 1109 2486; x_wconf 92' lang='lat' dir='ltr'><strong>aliquo</strong></span> 
     </span>
     <span class='ocr_line' id='line_1_28' title="bbox 109 2490 1110 2571; baseline 0.001 -21"><span class='ocrx_word' id='word_1_212' title='bbox 109 2490 260 2551; x_wconf 90' lang='lat' dir='ltr'><strong>deferente</strong></span> <span class='ocrx_word' id='word_1_213' title='bbox 283 2493 397 2552; x_wconf 91' lang='lat' dir='ltr'><strong>assidue</strong></span> <span class='ocrx_word' id='word_1_214' title='bbox 419 2493 555 2570; x_wconf 89' lang='lat' dir='ltr'><strong>varieque</strong></span> <span class='ocrx_word' id='word_1_215' title='bbox 578 2493 758 2571; x_wconf 89' lang='lat' dir='ltr'><strong>inquietatus.</strong></span> <span class='ocrx_word' id='word_1_216' title='bbox 804 2490 874 2552; x_wconf 84' lang='lat' dir='ltr'><strong>Cum</strong></span> <span class='ocrx_word' id='word_1_217' title='bbox 896 2511 968 2553; x_wconf 87' lang='lat' dir='ltr'><strong>uero</strong></span> <span class='ocrx_word' id='word_1_218' title='bbox 995 2491 1110 2552; x_wconf 89' lang='lat' dir='ltr'><strong>detecta</strong></span> 
     </span>
     <span class='ocr_line' id='line_1_29' title="bbox 110 2574 1217 2658; baseline 0 -24"><span class='ocrx_word' id='word_1_219' title='bbox 110 2584 189 2635; x_wconf 88' lang='lat' dir='ltr'><strong>esset</strong></span> <span class='ocrx_word' id='word_1_220' title='bbox 208 2574 307 2655; x_wconf 89' lang='lat' dir='ltr'><strong>Lepidi</strong></span> <span class='ocrx_word' id='word_1_221' title='bbox 333 2587 360 2638; x_wconf 92' lang='lat' dir='ltr'><strong>et</strong></span> <span class='ocrx_word' id='word_1_222' title='bbox 387 2575 527 2638; x_wconf 86' lang='lat' dir='ltr'><strong>Gaetulici</strong></span> <span class='ocrx_word' id='word_1_223' title='bbox 555 2577 730 2653; x_wconf 92' lang='lat' dir='ltr'><strong>coniuratio,</strong></span> <span class='ocrx_word' id='word_1_224' title='bbox 756 2579 860 2637; x_wconf 90' lang='lat' dir='ltr'><strong>missus</strong></span> <span class='ocrx_word' id='word_1_225' title='bbox 881 2577 909 2636; x_wconf 92' lang='lat' dir='ltr'><strong>in</strong></span> <span class='ocrx_word' id='word_1_226' title='bbox 932 2576 1110 2638; x_wconf 80' lang='lat' dir='ltr'><strong>Germaniam</strong></span> <span class='ocrx_word' id='word_1_227' title='bbox 1128 2596 1217 2658; x_wconf 33' lang='lat' dir='ltr'><strong>pepp,</strong></span> 
     </span>
     <span class='ocr_line' id='line_1_30' title="bbox 11 2659 1109 2741; baseline -0.001 -24"><span class='ocrx_word' id='word_1_228' title='bbox 11 2669 15 2686; x_wconf 81' lang='grc'><strong><em>’</em></strong></span> <span class='ocrx_word' id='word_1_229' title='bbox 108 2660 184 2718; x_wconf 91' lang='lat' dir='ltr'><strong>inter</strong></span> <span class='ocrx_word' id='word_1_230' title='bbox 209 2659 325 2737; x_wconf 88' lang='lat' dir='ltr'><strong>legatos</strong></span> <span class='ocrx_word' id='word_1_231' title='bbox 346 2661 382 2722; x_wconf 93' lang='lat' dir='ltr'><strong>ad</strong></span> <span class='ocrx_word' id='word_1_232' title='bbox 406 2660 619 2738; x_wconf 88' lang='lat' dir='ltr'><strong>gratulandum,</strong></span> <span class='ocrx_word' id='word_1_233' title='bbox 650 2661 733 2721; x_wconf 92' lang='lat' dir='ltr'><strong>etiam</strong></span> <span class='ocrx_word' id='word_1_234' title='bbox 753 2661 829 2722; x_wconf 90' lang='lat' dir='ltr'><strong>vitae</strong></span> <span class='ocrx_word' id='word_1_235' title='bbox 854 2660 1013 2741; x_wconf 89' lang='lat' dir='ltr'><strong>periculum</strong></span> <span class='ocrx_word' id='word_1_236' title='bbox 1033 2659 1109 2734; x_wconf 89' lang='lat' dir='ltr'><strong>adiit,</strong></span> 
     </span>
     <span class='ocr_line' id='line_1_31' title="bbox 109 2742 1109 2825; baseline -0.001 -24"><span class='ocrx_word' id='word_1_237' title='bbox 109 2742 276 2820; x_wconf 90' lang='lat' dir='ltr'><strong>indignante</strong></span> <span class='ocrx_word' id='word_1_238' title='bbox 295 2763 329 2804; x_wconf 93' lang='lat' dir='ltr'><strong>ac</strong></span> <span class='ocrx_word' id='word_1_239' title='bbox 344 2746 485 2805; x_wconf 90' lang='lat' dir='ltr'><strong>fremente</strong></span> <span class='ocrx_word' id='word_1_240' title='bbox 503 2743 573 2806; x_wconf 82' lang='lat' dir='ltr'><strong>Gaio</strong></span> <span class='ocrx_word' id='word_1_241' title='bbox 594 2754 724 2823; x_wconf 90' lang='lat' dir='ltr'><strong>patruum</strong></span> <span class='ocrx_word' id='word_1_242' title='bbox 745 2746 922 2825; x_wconf 89' lang='lat' dir='ltr'><strong>potissimum</strong></span> <span class='ocrx_word' id='word_1_243' title='bbox 944 2743 979 2804; x_wconf 93' lang='lat' dir='ltr'><strong>ad</strong></span> <span class='ocrx_word' id='word_1_244' title='bbox 995 2761 1028 2803; x_wconf 89' lang='lat' dir='ltr'><strong>se</strong></span> <span class='ocrx_word' id='word_1_245' title='bbox 1043 2743 1109 2801; x_wconf 90' lang='lat' dir='ltr'><strong>mis·</strong></span> 
     </span>
     <span class='ocr_line' id='line_1_32' title="bbox 71 2826 1111 2910; baseline -0.006 -20"><span class='ocrx_word' id='word_1_246' title='bbox 71 2845 172 2890; x_wconf 77' lang='lat' dir='ltr'><strong>aosum</strong></span> <span class='ocrx_word' id='word_1_247' title='bbox 189 2829 270 2906; x_wconf 89' lang='lat' dir='ltr'><strong>quasi</strong></span> <span class='ocrx_word' id='word_1_248' title='bbox 287 2829 322 2890; x_wconf 93' lang='lat' dir='ltr'><strong>ad</strong></span> <span class='ocrx_word' id='word_1_249' title='bbox 337 2846 456 2910; x_wconf 92' lang='lat' dir='ltr'><strong>puerum</strong></span> <span class='ocrx_word' id='word_1_250' title='bbox 469 2829 643 2907; x_wconf 88' lang='lat' dir='ltr'><strong>regendum,</strong></span> <span class='ocrx_word' id='word_1_251' title='bbox 664 2829 738 2910; x_wconf 89' lang='lat' dir='ltr'><strong>adeo</strong></span> <span class='ocrx_word' id='word_1_252' title='bbox 754 2838 856 2891; x_wconf 90' lang='lat' dir='ltr'><strong>utnon</strong></span> <span class='ocrx_word' id='word_1_253' title='bbox 878 2828 1035 2904; x_wconf 90' lang='lat' dir='ltr'><strong>defuerint,</strong></span> <span class='ocrx_word' id='word_1_254' title='bbox 1062 2826 1111 2903; x_wconf 93' lang='lat' dir='ltr'><strong>qui</strong></span> 
     </span>
     <span class='ocr_line' id='line_1_33' title="bbox 107 2909 1109 2994; baseline -0.002 -23"><span class='ocrx_word' id='word_1_255' title='bbox 107 2911 256 2972; x_wconf 84' lang='lat' dir='ltr'><strong>traderent</strong></span> <span class='ocrx_word' id='word_1_256' title='bbox 271 2914 491 2994; x_wconf 87' lang='lat' dir='ltr'><strong>praecipitatum</strong></span> <span class='ocrx_word' id='word_1_257' title='bbox 507 2931 623 2994; x_wconf 91' lang='lat' dir='ltr'><strong>quoque</strong></span> <span class='ocrx_word' id='word_1_258' title='bbox 641 2915 670 2972; x_wconf 92' lang='lat' dir='ltr'><strong>in</strong></span> <span class='ocrx_word' id='word_1_259' title='bbox 687 2914 806 2992; x_wconf 90' lang='lat' dir='ltr'><strong>dumen,</strong></span> <span class='ocrx_word' id='word_1_260' title='bbox 829 2915 903 2973; x_wconf 89' lang='lat' dir='ltr'><strong>sicut</strong></span> <span class='ocrx_word' id='word_1_261' title='bbox 919 2911 1041 2972; x_wconf 90' lang='lat' dir='ltr'><strong>vestitus</strong></span> <span class='ocrx_word' id='word_1_262' title='bbox 1063 2909 1109 2970; x_wconf 92' lang='lat' dir='ltr'><strong>ad·</strong></span> 
     </span>
     <span class='ocr_line' id='line_1_34' title="bbox 107 2995 1111 3078; baseline -0.004 -23"><span class='ocrx_word' id='word_1_263' title='bbox 107 3006 238 3058; x_wconf 83' lang='lat' dir='ltr'><strong>venerat.</strong></span> <span class='ocrx_word' id='word_1_264' title='bbox 282 2996 379 3078; x_wconf 81' lang='lat' dir='ltr'><strong>Atque</strong></span> <span class='ocrx_word' id='word_1_265' title='bbox 404 3017 441 3058; x_wconf 89' lang='lat' dir='ltr'><strong>ex</strong></span> <span class='ocrx_word' id='word_1_266' title='bbox 467 3015 503 3057; x_wconf 93' lang='lat' dir='ltr'><strong>eo</strong></span> <span class='ocrx_word' id='word_1_267' title='bbox 527 3016 678 3078; x_wconf 91' lang='lat' dir='ltr'><strong>numquam</strong></span> <span class='ocrx_word' id='word_1_268' title='bbox 693 3017 751 3058; x_wconf 93' lang='lat' dir='ltr'><strong>non</strong></span> <span class='ocrx_word' id='word_1_269' title='bbox 767 3001 796 3057; x_wconf 93' lang='lat' dir='ltr'><strong>in</strong></span> <span class='ocrx_word' id='word_1_270' title='bbox 817 3006 918 3058; x_wconf 90' lang='lat' dir='ltr'><strong>senatu</strong></span> <span class='ocrx_word' id='word_1_271' title='bbox 938 2995 1111 3056; x_wconf 89' lang='lat' dir='ltr'><strong>novissimus</strong></span> 
     </span>
     <span class='ocr_line' id='line_1_35' title="bbox 108 3077 1110 3160; baseline -0.004 -21"><span class='ocrx_word' id='word_1_272' title='bbox 108 3077 302 3142; x_wconf 89' lang='lat' dir='ltr'><strong>consularium</strong></span> <span class='ocrx_word' id='word_1_273' title='bbox 323 3082 492 3144; x_wconf 87' lang='lat' dir='ltr'><strong>sententiam</strong></span> <span class='ocrx_word' id='word_1_274' title='bbox 514 3081 600 3158; x_wconf 90' lang='lat' dir='ltr'><strong>dixit,</strong></span> <span class='ocrx_word' id='word_1_275' title='bbox 623 3083 796 3159; x_wconf 90' lang='lat' dir='ltr'><strong>ignominiae</strong></span> <span class='ocrx_word' id='word_1_276' title='bbox 818 3099 905 3142; x_wconf 91' lang='lat' dir='ltr'><strong>causa</strong></span> <span class='ocrx_word' id='word_1_277' title='bbox 927 3088 995 3160; x_wconf 89' lang='lat' dir='ltr'><strong>post</strong></span> <span class='ocrx_word' id='word_1_278' title='bbox 1018 3077 1110 3137; x_wconf 86' lang='lat' dir='ltr'><strong>omnis</strong></span> 
     </span>
     <span class='ocr_line' id='line_1_36' title="bbox 105 3162 1130 3252; baseline -0.003 -29"><span class='ocrx_word' id='word_1_279' title='bbox 105 3165 314 3243; x_wconf 72' lang='lat' dir='ltr'><strong>interrogatus,</strong></span> <span class='ocrx_word' id='word_1_280' title='bbox 358 3166 450 3228; x_wconf 85' lang='lat' dir='ltr'><strong>Etiam</strong></span> <span class='ocrx_word' id='word_1_281' title='bbox 467 3168 596 3245; x_wconf 89' lang='lat' dir='ltr'><strong>cognitio</strong></span> <span class='ocrx_word' id='word_1_282' title='bbox 609 3165 675 3226; x_wconf 91' lang='lat' dir='ltr'><strong>falsi</strong></span> <span class='ocrx_word' id='word_1_283' title='bbox 689 3167 851 3226; x_wconf 89' lang='lat' dir='ltr'><strong>testamenti</strong></span> <span class='ocrx_word' id='word_1_284' title='bbox 866 3172 987 3243; x_wconf 90' lang='lat' dir='ltr'><strong>recepta</strong></span> <span class='ocrx_word' id='word_1_285' title='bbox 1004 3171 1059 3239; x_wconf 89' lang='lat' dir='ltr'><strong>est,</strong></span> <span class='ocrx_word' id='word_1_286' title='bbox 1081 3162 1130 3252; x_wconf 60' lang='lat' dir='ltr'><strong>in,</strong></span> 
     </span>
     <span class='ocr_line' id='line_1_37' title="bbox 68 3248 1166 3330; baseline -0.003 -22"><span class='ocrx_word' id='word_1_287' title='bbox 68 3264 167 3328; x_wconf 79' lang='lat' dir='ltr'><strong>aequo</strong></span> <span class='ocrx_word' id='word_1_288' title='bbox 187 3259 216 3310; x_wconf 90' lang='lat' dir='ltr'><strong>et</strong></span> <span class='ocrx_word' id='word_1_289' title='bbox 244 3252 307 3330; x_wconf 88' lang='lat' dir='ltr'><strong>ipse</strong></span> <span class='ocrx_word' id='word_1_290' title='bbox 327 3253 501 3330; x_wconf 87' lang='lat' dir='ltr'><strong>signaverat.</strong></span> <span class='ocrx_word' id='word_1_291' title='bbox 546 3250 697 3310; x_wconf 89' lang='lat' dir='ltr'><strong>Postremo</strong></span> <span class='ocrx_word' id='word_1_292' title='bbox 719 3251 883 3310; x_wconf 89' lang='lat' dir='ltr'><strong>sestertium</strong></span> <span class='ocrx_word' id='word_1_293' title='bbox 904 3248 1037 3324; x_wconf 85' lang='lat' dir='ltr'><strong>octogies</strong></span> <span class='ocrx_word' id='word_1_294' title='bbox 1055 3262 1108 3325; x_wconf 92' lang='lat' dir='ltr'><strong>pro</strong></span> <span class='ocrx_word' id='word_1_295' title='bbox 1120 3249 1166 3296; x_wconf 60' lang='lat'><strong>⁴⁴5:</strong></span> 
     </span>
     <span class='ocr_line' id='line_1_38' title="bbox 11 3331 1109 3413; baseline -0.002 -23"><span class='ocrx_word' id='word_1_296' title='bbox 11 3341 90 3394; x_wconf 66' lang='lat' dir='ltr'><strong>:alat</strong></span> <span class='ocrx_word' id='word_1_297' title='bbox 107 3333 226 3394; x_wconf 88' lang='lat' dir='ltr'><strong>introitu</strong></span> <span class='ocrx_word' id='word_1_298' title='bbox 240 3337 306 3410; x_wconf 69' lang='lat' dir='ltr'><strong>nqri</strong></span> <span class='ocrx_word' id='word_1_299' title='bbox 328 3334 483 3404; x_wconf 87' lang='lat' dir='ltr'><strong>sacerdotii</strong></span> <span class='ocrx_word' id='word_1_300' title='bbox 506 3343 624 3394; x_wconf 92' lang='lat' dir='ltr'><strong>coactus</strong></span> <span class='ocrx_word' id='word_1_301' title='bbox 645 3334 827 3413; x_wconf 88' lang='lat' dir='ltr'><strong>impendere,</strong></span> <span class='ocrx_word' id='word_1_302' title='bbox 849 3333 952 3394; x_wconf 91' lang='lat' dir='ltr'><strong>adeas</strong></span> <span class='ocrx_word' id='word_1_303' title='bbox 972 3331 1015 3392; x_wconf 89' lang='lat' dir='ltr'><strong>rei</strong></span> <span class='ocrx_word' id='word_1_304' title='bbox 1030 3331 1109 3391; x_wconf 91' lang='lat' dir='ltr'><strong>fami-</strong></span> 
     </span>
     <span class='ocr_line' id='line_1_39' title="bbox 106 3415 1109 3498; baseline -0.002 -22"><span class='ocrx_word' id='word_1_305' title='bbox 106 3415 189 3477; x_wconf 87' lang='lat' dir='ltr'><strong>liaris</strong></span> <span class='ocrx_word' id='word_1_306' title='bbox 217 3421 363 3497; x_wconf 89' lang='lat' dir='ltr'><strong>angustias</strong></span> <span class='ocrx_word' id='word_1_307' title='bbox 396 3418 517 3496; x_wconf 90' lang='lat' dir='ltr'><strong>decidit,</strong></span> <span class='ocrx_word' id='word_1_308' title='bbox 552 3427 582 3477; x_wconf 92' lang='lat' dir='ltr'><strong>ut</strong></span> <span class='ocrx_word' id='word_1_309' title='bbox 609 3436 672 3478; x_wconf 92' lang='lat' dir='ltr'><strong>cum</strong></span> <span class='ocrx_word' id='word_1_310' title='bbox 701 3418 856 3498; x_wconf 88' lang='lat' dir='ltr'><strong>obligatam</strong></span> <span class='ocrx_word' id='word_1_311' title='bbox 880 3415 992 3479; x_wconf 89' lang='lat' dir='ltr'><strong>aerario</strong></span> <span class='ocrx_word' id='word_1_312' title='bbox 1025 3415 1109 3476; x_wconf 90' lang='lat' dir='ltr'><strong>iidem</strong></span> 
     </span>
    </p>
   </div>
   <div class='ocr_carea' id='block_1_2' title="bbox 106 3498 1110 3640">
    <p class='ocr_par' dir='ltr' id='par_1_2' title="bbox 11 3495 1110 3640">
     <span class='ocr_line' id='line_1_40' title="bbox 106 3498 1110 3584; baseline 0.001 -25.914"><span class='ocrx_word' id='word_1_313' title='bbox 106 3498 236 3564; x_wconf 85' lang='lat' dir='ltr'><strong>liberare</strong></span> <span class='ocrx_word' id='word_1_314' title='bbox 263 3521 321 3564; x_wconf 94' lang='lat' dir='ltr'><strong>non</strong></span> <span class='ocrx_word' id='word_1_315' title='bbox 347 3512 462 3584; x_wconf 85' lang='lat' dir='ltr'><strong>posset,</strong></span> <span class='ocrx_word' id='word_1_316' title='bbox 486 3503 514 3562; x_wconf 91' lang='lat' dir='ltr'><strong>in</strong></span> <span class='ocrx_word' id='word_1_317' title='bbox 540 3521 661 3564; x_wconf 82' lang='lat' dir='ltr'><strong>vacuum</strong></span> <span class='ocrx_word' id='word_1_318' title='bbox 688 3503 756 3583; x_wconf 92' lang='lat' dir='ltr'><strong>lege</strong></span> <span class='ocrx_word' id='word_1_319' title='bbox 782 3502 974 3584; x_wconf 85' lang='lat' dir='ltr'><strong>praediatoria</strong></span> <span class='ocrx_word' id='word_1_320' title='bbox 999 3500 1110 3562; x_wconf 86' lang='lat' dir='ltr'><strong>venalis</strong></span> 
     </span>
     <span class='ocr_line' id='line_1_41' title="bbox 488 3595 649 3640; baseline 0.019 -4"><span class='ocrx_word' id='word_1_321' title='bbox 488 3605 517 3636; x_wconf 67' lang='lat' dir='ltr'><strong>cus</strong></span> <span class='ocrx_word' id='word_1_322' title='bbox 529 3611 548 3640; x_wconf 65' lang='lat' dir='ltr'><strong>a</strong></span> <span class='ocrx_word' id='word_1_323' title='bbox 568 3595 649 3639; x_wconf 62' lang='lat' dir='ltr'><strong>lcum</strong></span> 
     </span>
    </p>
   </div>
   <div class='ocr_carea' id='block_1_3' title="bbox 0 0 1238 3896">
    <p class='ocr_par' dir='ltr' id='par_1_3' title="bbox 0 0 1238 3896">
     <span class='ocr_line' id='line_1_42' title="bbox 0 0 1238 3896; baseline 0 0"><span class='ocrx_word' id='word_1_324' title='bbox 0 0 1238 3896; x_wconf 95' lang='lat' dir='ltr'><strong> </strong></span> 
     </span>
    </p>
   </div>
  </div>
 </body>
</html>
