2434 3908
456 243 661 292 PRAEFATIO.
872 259 875 266 ’
911 243 1005 291 Lxxv
1100 284 1104 292 .

94 404 198 473 initia,
219 421 290 475 quae
305 404 493 473 Incrementa,
516 420 583 474 quas
598 365 763 459 mutationes
777 402 923 473 babuerit,
945 409 1002 458 tum

105 490 138 544 de
153 487 238 543 claris
253 487 439 561 scriptoribus
457 483 524 560 (cfr.
540 504 566 559 p.
583 492 645 556 259,
662 493 704 546 24.
728 493 791 556 269,
808 481 858 559 37)
876 485 1002 556 singula-

104 573 149 627 tim
166 578 280 641 ageret,
298 578 505 643 temporumque
527 569 652 626 ordinem
673 576 784 626 secutus
806 585 902 625 eorum
919 569 1003 626 vitam

103 662 131 710 et
152 654 257 727 scrIpta
277 655 402 711 breviter
422 653 622 728 perscriberet.
667 652 752 720 Quam
767 669 835 709 vero
853 652 1004 723 diligenter

103 731 254 808 singutaffl)
268 745 459 810 perscrutatus
480 738 517 793 sit
531 742 727 808 auctorumque
751 736 917 792 testimoniis
934 753 1003 793 con-

104 821 268 891 firmaverit,
291 823 437 894 praeclaro
460 821 588 892 exemplo
604 820 726 876 Terentii
742 821 799 876 vita
822 821 1002 878 demonstrat.
1044 857 1045 863 .

164 905 222 962 llao
239 905 362 961 editione
378 904 502 961 libellum
521 904 629 976 quidem
642 904 677 960 de
692 904 881 960 Grammaticis
896 911 924 959 et
939 907 1004 960 rbe-

101 988 219 1058 toribus,
237 996 265 1044 ut
280 990 369 1046 adbuc
384 988 445 1058 luit,
460 994 617 1061 separatum
633 987 809 1058 reliquImus3
830 994 939 1044 ceteras
954 1007 1003 1044 au-

101 1079 155 1128 tem
170 1072 306 1143 reliquias
321 1073 359 1127 ita
376 1072 447 1128 Inter
461 1089 492 1128 se
509 1071 723 1143 composuimus,
739 1077 768 1126 ut
782 1072 852 1127 vitas
870 1087 939 1141 quac
955 1089 1003 1128 su-

17 1159 18 1234 }
101 1162 218 1228 pereunt
245 1157 372 1227 integrae
394 1172 454 1212 cum
477 1156 610 1212 brevibus
634 1155 691 1210 illis
718 1155 843 1210 chronici
864 1153 1003 1224 Hierony-

100 1241 184 1296 miani
214 1240 402 1296 notationibus
429 1240 659 1310 coniungeremus
687 1255 719 1293 ac
746 1253 798 1310 pro
820 1238 953 1293 librorum
976 1243 1004 1292 et

17 1295 18 1354 i
100 1329 255 1396 temporum
271 1323 380 1379 ratione
396 1323 614 1395 disponeremus.
635 1323 791 1377 lleminerit
804 1321 890 1392 igitur
902 1321 1002 1392 lector,

100 1424 134 1464 ea
157 1409 220 1464 loca
236 1406 398 1476 Hieronymi
419 1407 528 1476 singula
544 1424 595 1479 pro
606 1405 686 1461 tenui
702 1406 818 1476 quadam
840 1405 935 1461 umbra
954 1421 1003 1460 co-

98 1491 243 1562 piosarum
255 1489 382 1558 vitarum,
393 1490 490 1561 quales
507 1491 652 1545 nonnullas
667 1490 776 1545 lortuna
791 1489 923 1560 serravit,
940 1505 1004 1544 esse

99 1574 240 1640 babendo,
257 1573 388 1628 universa
402 1590 470 1629 vcro
484 1590 518 1628 ne
535 1573 663 1630 dimidiae
680 1573 789 1644 quidem
803 1573 892 1645 parile
909 1572 1004 1645 operis

100 1673 117 1711 a
132 1655 296 1725 Tranquillo
316 1656 415 1728 scripti
432 1657 543 1713 nomina
557 1659 678 1730 prodere
694 1674 726 1713 ac
741 1657 907 1713 memoriam.
938 1655 1003 1712 Nam

101 1754 163 1793 cum
184 1739 425 1808 grammaticorum
510 1741 519 1794 l
541 1741 720 1813 superstitum
742 1741 926 1810 Hieronymus
949 1756 1003 1795 non

100 1821 221 1892 amplius
243 1822 381 1893 quinque,
409 1825 489 1879 rbeto
508 1841 550 1878 um
576 1831 666 1878 autem
688 1824 750 1879 XVI
778 1830 879 1879 tantum
908 1825 1004 1879 decem

99 1905 244 1961 mentione
271 1906 372 1975 dignos
399 1906 578 1976 iudicaverit,
606 1907 701 1977 itaque
722 1908 756 1962 de
778 1907 843 1963 vitis
865 1906 1003 1963 XXXVIII

98 1987 261 2060 quindecim
284 1989 383 2043 reddat
404 1989 498 2059 ailquo
518 1990 599 2045 modo
620 1989 647 2043 io
665 1991 804 2061 epitomen
826 1997 1001 2045 contractas:

97 2072 260 2144 plusquam
277 2072 416 2127 dImidiam
438 2078 543 2144 partem
561 2072 710 2126 illustrium
725 2073 863 2142 virorum,
888 2087 1003 2142 quorum

17 2221 18 2230 χ
100 2156 173 2210 vitas
189 2173 203 2211 a
220 2156 356 2211 Suetonio
368 2157 451 2228 plene
466 2155 586 2228 scriptas
601 2155 725 2210 manibus
740 2154 862 2224 tenebat,
876 2160 1003 2227 praeter-

17 3577 22 3868 l

98 2238 212 2294 misIsse
228 2245 256 2294 et
270 2239 345 2310 quod
362 2239 390 2294 in
410 2256 444 2296 eo
461 2239 513 2294 luit
530 2237 667 2295 oblivioni
683 2237 833 2293 tradidisse
849 2237 904 2293 dici
921 2243 1002 2310 pote-

98 2315 193 2395 rit⁵⁸).
238 2322 294 2379 Sed
313 2322 400 2394 ianui
423 2323 582 2390 aesinus,
609 2322 698 2391 gratia
721 2321 746 2376 ei
768 2321 860 2393 potius
875 2321 1001 2378 habenda

99 2405 156 2460 erit
176 2422 358 2477 eorumquae
385 2407 507 2464 servavit
529 2423 610 2478 quarn
636 2405 810 2461 irascendum
830 2412 947 2478 propter
967 2422 1000 2462 ca

100 2505 173 2560 quae
189 2490 353 2561 suppressit.

161 2572 195 2626 lit
210 2589 276 2629 vere
294 2574 429 2629 SuetonIo
450 2574 590 2629 reddenda
610 2590 672 2628 esse
687 2573 777 2629 omnia
802 2574 862 2629 iere
879 2591 949 2645 quae
966 2575 1000 2630 de

100 2655 231 2711 Romanis
262 2651 492 2731 scriptoribusffl)
528 2657 599 2728 apud
633 2657 831 2728 Hieronymum
858 2658 999 2728 leguntur,

99 2745 166 2810 post
180 2738 329 2794 Pontacum
345 2747 372 2795 et
388 2739 579 2810 ScaIIgerum,
593 2740 750 2796 ¹Eusebiani
769 2740 893 2796 chronici
910 2740 1000 2795 edito-

100 2869 298 2878 *—

167 2948 214 3014 58)
232 2952 269 3000 lta
288 2967 353 3014 quae
371 2967 388 3016 p
408 2950 658 3017 258‚121egunter,
677 2953 786 3003 Varroni
804 2953 934 3014 debentur,
953 2950 999 3002 cir.

96 3018 195 3068 Plinius
212 3033 237 3072 n.
254 3019 280 3068 h.
297 3020 330 3069 25
344 3021 411 3082 524.

169 3083 216 3148 59)
248 3088 313 3137 Vide
340 3089 415 3138 modo
440 3097 552 3138 oratores
572 3103 598 3152 p.
618 3086 668 3138 289
691 3097 714 3137 et
733 3087 867 3139 historicos
894 3103 919 3154 p.
940 3085 999 3148 300,

95 3169 207 3274 puerum
230 3167 281 3207 uon
301 3158 456 3221 antiquiores
475 3156 679 3206 commemoravit
702 3155 822 3207 Cicerone
845 3165 869 3206 et
885 3155 999 3207 Cornelio

121 3240 135 3274 e
155 3233 203 3274 oie.

135 3240 153 3290 p
167 3292 214 3356 60)
233 3293 289 3344 Non
305 3294 406 3344 omniuo
425 3295 521 3351 omnia3
544 3307 601 3342 nam
615 3292 716 3342 aliunde
733 3294 839 3358 petitum
855 3302 894 3344 est
905 3309 929 3344 v.
942 3309 963 3344 c.
973 3294 1000 3344 id

95 3361 167 3422 quod
186 3361 299 3412 RemmIo
319 3362 463 3412 Palaemoni
479 3362 622 3412 subiunxit:
638 3363 681 3426 pai
693 3364 813 3426 qnondam
830 3365 1001 3428 inemopatue
1039 3398 1041 3401 -

95 3431 159 3492 qnid
178 3432 245 3480 inter
259 3434 349 3480 stillam
373 3440 399 3481 et
414 3439 509 3494 puttam
530 3433 674 3490 interesset,
698 3438 791 3495 putta
816 3433 894 3497 inquit
915 3439 985 3483 stol

17 3519 18 3572 j
97 3499 193 3548 stilla
217 3501 319 3550 cadit.
355 3500 420 3549 Vide
437 3501 511 3548 etlam
531 3499 598 3549 iufra
616 3500 701 3552 adnot.
719 3499 762 3551 63.
