2450 3910
438 225 727 276 urrunnuus.
1018 215 1079 280 223

86 380 234 441 visendam
262 379 416 460 praeheret
441 382 546 442 faciem
574 400 649 442 neve
678 385 879 452 summitteret;
911 382 1079 461 quibusdam
1168 449 1172 458 ,

87 474 217 527 stercore
233 473 263 524 et
278 483 368 526 caeno
383 465 608 541 incessendum,
625 465 692 526 aliis
707 467 914 528 incendiarium
930 477 959 526 et
971 470 1078 546 patina-

84 551 156 611 rium
169 549 405 626 vociferantibus,
424 558 507 628 parte
522 550 604 627 vulgi
623 551 710 610 etiam
727 553 862 631 corporis
882 553 949 612 vitia
972 569 1078 630 expro-

16 625 22 644 '
85 635 202 704 brante;
226 635 383 695 eratenim
406 635 434 693 in
456 651 492 693 eo
518 635 646 694 enormis
663 637 842 713 proceritus3
864 636 957 696 iacies
977 636 1079 697 rubida

60 731 73 772 t
86 720 255 799 plerumque
270 735 308 778 ex
322 717 486 795 vinulentia,
502 727 605 778 venter
620 717 747 795 obesus,
764 715 886 779 alterurn
901 720 995 780 femur
1012 720 1077 780 sub-

85 803 181 865 debile
196 801 318 881 impulsu
335 802 403 861 olim
420 802 589 881 quadrigae,
606 820 670 862 cum
686 805 828 881 auriganti
844 803 915 866 Gaio
937 807 1076 866 ministra·

85 898 179 950 torem
193 885 354 949 exhiberet.
383 885 510 947 Tandem
530 887 606 965 opud
624 886 779 949 Gemonias
802 887 995 948 minutissimis
1014 889 1076 951 icti-

84 973 139 1034 bus
153 972 374 1034 excarnificatus
390 979 475 1049 atque
493 972 645 1032 coniectus
662 980 721 1049 est,
743 980 772 1031 et
791 971 855 1031 inde
877 989 952 1033 unco
967 981 1077 1034 tractus

84 1060 113 1118 in
129 1057 266 1118 Tiberim.

51 1148 77 1190 1⁰
148 1141 236 1202 Periit
253 1141 420 1202 cumfratre
437 1149 465 1199 et
479 1139 539 1201 lilio
555 1139 629 1200 auno
652 1142 728 1200 vitae
751 1141 874 1219 septimo
898 1141 1076 1218 quinquage-
1085 1159 1119 1214 18

84 1229 172 1295 simo;
187 1243 243 1285 nec
257 1224 362 1284 ielellit
380 1226 546 1284 coniectura
562 1241 662 1283 eorum
674 1226 721 1303 qui
734 1226 865 1301 augurio,
881 1223 959 1303 quod
970 1224 1076 1284 iactum

84 1314 112 1371 ei
124 1312 255 1372 Viennae
267 1307 454 1384 ostendimus,
467 1325 525 1367 non
536 1306 613 1367 aliud
625 1306 758 1386 portendi
767 1308 980 1387 praedixerant,
992 1326 1077 1386 quam

82 1403 235 1455 uenturum
252 1394 281 1451 in
296 1392 416 1452 alicuius
429 1390 572 1452 Gallicani
589 1391 712 1451 hominis
728 1401 916 1471 potestatem
937 1390 1076 1470 siquidem

85 1479 121 1540 ab
135 1477 262 1538 Antonio
278 1475 373 1538 Primo
388 1476 575 1537 adversarum
596 1477 719 1555 partium
741 1475 814 1536 duce
836 1493 998 1555 oppressus
1020 1485 1076 1552 est,

50 1565 75 1609 1⁸
86 1563 132 1624 oui
147 1561 272 1622 Tolosae
290 1571 356 1622 nato
374 1577 538 1638 cognomen
558 1560 585 1618 in
601 1561 723 1639 pueritia
737 1560 836 1622 Becco
852 1561 961 1622 iuerat:
981 1560 1010 1621 id
1026 1578 1075 1621 va·

83 1647 125 1708 let
140 1646 295 1725 gallinacei
309 1655 444 1708 rostrum.
