2468 3912
120 254 162 314 56
206 265 236 312 c.
253 265 402 314 sunuoun
421 266 549 325 nanno.
566 267 612 313 nn
628 267 711 313 urna
727 265 909 314 cassanum
924 267 993 314 nra.
1009 267 1046 314 11.

122 421 192 481 ditio
216 438 313 480 coram
337 419 535 499 pugillarium,
561 438 634 499 quos
654 423 731 482 taciti
752 430 782 482 et
801 420 906 480 ibidem
927 423 1020 482 statim
1038 420 1120 499 lege·
1224 453 1225 474 r

121 514 200 575 rent;
228 505 394 583 notauitque
422 503 549 583 aliquos,
574 505 652 584 qnod
675 507 813 585 pecunias
838 505 997 564 levioribus
1025 506 1121 564 usuris
1224 517 1225 600 p

75 591 239 652 somatuati
259 590 397 667 graviore
417 589 542 648 foenore
558 589 764 650 collocassent.
804 589 850 650 Ac
865 591 988 650 comitiis
1002 589 1120 649 tribuni-

122 678 174 736 ciis
189 676 214 734 si
230 674 366 734 deessent
382 671 522 732 candidati
538 683 705 752 senatores,
726 692 764 733 ex
784 673 927 752 equitibus
944 673 980 735 R.
999 676 1121 750 creavit,

121 763 160 820 ita
180 767 210 817 ut
230 767 377 838 potestate
398 766 557 835 transacta,
579 758 608 816 iu
630 767 694 818 utro
711 757 821 817 vellent
845 757 946 818 ordine
960 767 1120 818 manerent.
1144 779 1155 818 a

123 843 194 904 Cum
209 852 302 901 autem
316 841 449 921 plerique
465 843 590 920 equitum
611 844 707 902 attrito
730 841 816 902 bellis
838 841 970 902 civilibus
985 845 1120 922 patrimo·

70 996 72 1004 s
122 930 170 988 nio
188 935 323 1005 spectare
338 925 422 986 ludos
443 945 460 984 c
479 927 707 1004 quattuordecim
727 942 785 986 non
799 926 938 986 auderent
952 935 1029 986 metu
1048 943 1120 1006 poe·

121 1030 176 1072 nae
195 1010 360 1087 theatralis,
385 1011 580 1090 pronuntiavit
599 1027 656 1071 non
676 1011 769 1070 teneri
789 1029 840 1088 ea,
863 1010 964 1089 quibus
984 1012 1056 1090 ipsis
1070 1029 1120 1090 pa·

121 1095 289 1157 rentibusve
308 1104 445 1173 equester
461 1111 565 1154 census
581 1113 711 1173 umquam
724 1095 837 1154 luisset.

186 1179 289 1260 Populi
309 1197 462 1239 recensum
484 1181 599 1239 uicatim
618 1180 692 1258 egit,
712 1196 746 1239 ac
766 1197 803 1238 ne
824 1177 909 1258 plebs
923 1180 1119 1239 frumentatio·
1131 1201 1156 1243 uo

121 1284 187 1326 num
203 1282 289 1326 causa
303 1263 483 1343 frequentius
499 1263 534 1324 ab
554 1265 681 1341 negotiis
696 1272 885 1340 avocaretur,
910 1272 955 1323 ter
975 1265 1003 1323 in
1018 1281 1121 1323 annum

122 1359 289 1430 quaternum
303 1365 432 1408 mensum
446 1357 574 1409 tesseras
593 1348 662 1409 dare
682 1348 849 1417 destinavit;
872 1347 925 1407 sed
945 1347 1120 1408 desideranti

123 1432 358 1496 consuetudinem
370 1441 500 1492 veterem
515 1435 662 1494 concessit
672 1450 780 1508 rursus,
796 1441 827 1491 ut
838 1432 881 1491 sui
894 1432 1031 1511 cuiusque
1043 1449 1120 1491 men-

121 1521 162 1579 sis
177 1519 335 1596 acciperet.
375 1513 563 1576 comitiorum
584 1535 699 1597 qnoque
719 1517 868 1595 pristinum
888 1518 931 1574 ius
950 1516 1064 1576 reduxit
1085 1534 1121 1576 ac

121 1600 271 1679 multiplici
286 1616 383 1679 poena
399 1601 531 1660 coercito
553 1601 673 1678 ambitu,
694 1600 829 1661 Fabianis
852 1609 881 1660 et
902 1599 1120 1680 Scaptiensibus
1131 1620 1156 1664 ra

122 1683 275 1746 tribulibus
294 1685 353 1742 suis
368 1683 414 1742 die
431 1685 627 1762 comitiorum,
648 1685 765 1763 nequid
780 1703 796 1745 a
811 1702 954 1763 quoquam
969 1683 1120 1746 candidato

122 1767 335 1845 desiderarent,
355 1767 468 1844 singula
482 1767 560 1828 milia
573 1786 713 1828 nummum
729 1788 745 1830 a
759 1787 792 1828 se
808 1769 962 1829 dividebat.

184 1852 282 1931 Magni
292 1861 445 1931 praeterea
458 1853 622 1913 existimans
638 1855 781 1913 sincerum
796 1862 881 1931 atque
896 1853 932 1914 ab
948 1851 1121 1914 omnicollu·

122 1939 210 1999 viane
235 1937 385 2017 peregrini
411 1953 446 1996 ac
471 1937 586 1997 servilis
613 1939 759 2015 sauguinis
782 1939 979 2017 incorruptum
1001 1955 1121 1996 seruare

123 2021 275 2104 populum,
295 2031 325 2083 et
346 2023 490 2083 ciuitatem
509 2023 666 2083 Romanam
685 2022 853 2100 parcissime
876 2021 954 2082 dedit
977 2031 1006 2082 et
1026 2037 1160 2082 manu-ao

121 2107 249 2168 mittendi
263 2107 377 2168 modum
391 2107 561 2167 terminavit.
600 2106 717 2166 'l'iberio
738 2123 792 2185 pro
816 2105 920 2166 cliente
936 2105 1048 2168 Graeco
1069 2123 1121 2185 pe·

122 2193 193 2253 tenti
217 2193 385 2270 rescripsit,
411 2209 470 2251 non
496 2190 579 2250 aliter
604 2209 636 2250 se
658 2189 801 2268 daturum,
830 2191 959 2269 quamsi
980 2207 1121 2270 praesens

122 2275 177 2336 sibi
190 2277 400 2356 persuasisset,
422 2293 505 2354 quam
518 2277 606 2334 iustas
620 2274 737 2354 petendi
758 2292 859 2334 causas
873 2273 1012 2344 baberet;
1033 2283 1062 2334 et
1076 2273 1121 2333 Li·

123 2362 187 2420 viae
208 2378 261 2438 pro
284 2359 408 2438 quodam
430 2359 581 2419 tributario
597 2358 679 2420 Gallo
703 2359 818 2435 roganti
833 2359 977 2420 civitatem
992 2359 1121 2436 negavit,

123 2443 324 2502 immunitatem
341 2441 444 2521 optulit
458 2443 618 2518 affirmans,
640 2441 753 2502 facilius
769 2461 802 2502 se
819 2460 968 2520 passurum
982 2443 1054 2502 fisco
1071 2441 1120 2501 de·
1130 2457 1159 2498 as

123 2524 197 2586 trabi
214 2526 335 2604 aliquid,
351 2543 434 2604 quam
450 2528 573 2587 civitatis
587 2528 734 2588 Romanae
749 2527 861 2604 vulgari
874 2527 1024 2588 bonorem.
1053 2527 1120 2586 Ser·
1224 2527 1225 2542 l

123 2628 179 2671 uos
197 2625 257 2669 non
269 2618 430 2669 contentus
449 2610 543 2670 multis
562 2610 776 2671 difficultatibus
796 2629 812 2671 a
832 2610 966 2672 libertate
986 2620 1016 2670 et
1031 2609 1120 2671 multo

123 2693 253 2775 pluribus
267 2712 284 2755 a
299 2693 432 2754 libertate
446 2695 519 2755 iusta
534 2697 709 2772 removisse,
733 2714 795 2756 cum
810 2696 890 2756 etde
907 2713 1025 2756 numero
1041 2693 1122 2754 etde

124 2778 289 2840 conditione
308 2796 343 2839 ac
359 2777 518 2838 differentia
538 2797 637 2839 eorum
657 2781 704 2858 qui
725 2781 987 2841 manumitterentur
1006 2779 1122 2840 curiose

124 2863 263 2941 cavisset,
288 2861 347 2923 boc
369 2880 484 2941 qnoque
505 2863 624 2941 adiecit,
651 2882 688 2923 nc
708 2865 819 2924 vinctus
839 2881 970 2943 umquam
989 2873 1162 2924 tortusueso

123 2948 187 3026 quis
202 2947 261 3008 ullo
279 2947 420 3008 libertatis
438 2965 548 3024 genere
564 2949 706 3008 civitatem
722 2947 940 3027 adipisceretur.
1221 2945 1225 2970 ⁴

184 3031 277 3093 Etiam
299 3030 425 3092 habitum
445 3034 636 3112 vestitumque
661 3033 810 3111 pristinum
834 3033 976 3094 reducere
1004 3029 1121 3107 studuit,

1212 1399 1225 1433 b

123 3117 234 3177 accisa
249 3115 391 3196 quondam
406 3133 461 3195 pro
476 3117 610 3177 contione
628 3116 800 3197 pullatorum
815 3117 913 3194 turba,
934 3115 1121 3193 indignabun-
1224 3125 1225 3192 ἶ

124 3197 176 3258 dns
192 3208 221 3257 et
237 3200 400 3260 clamitans:
472 3253 475 3258 .
1224 3209 1225 3226 ³

186 3279 235 3342 Em
254 3283 432 3361 Romanos,
456 3303 559 3345 rmum
581 3283 735 3361 dominos,
762 3291 939 3365 posteraque
965 3282 1161 3364 topotcmtss

124 3364 271 3440 negotium
285 3367 424 3428 aedilibus
439 3366 531 3444 dedit,
547 3387 583 3428 ne
598 3386 682 3448 quem
696 3370 818 3447 posthac
831 3377 998 3448 paterentur
1011 3368 1040 3428 in
1053 3368 1120 3428 loro

126 3448 241 3508 circaue
258 3448 312 3506 nisi
329 3453 431 3526 positis
444 3451 569 3512 lacernis
584 3460 713 3529 togatum
729 3452 900 3512 consistere.

82 3541 118 3595 tt
188 3528 401 3592 Liberalitatem
420 3535 550 3594 omnibus
565 3534 710 3595 ordinibus
724 3555 778 3615 per
798 3535 968 3596 occasiones
984 3535 1123 3614 frequen·

1221 3421 1225 3456 l
