2450 3910
556 239 661 288 nuno,
782 257 785 262 ·
1045 228 1104 291 185

109 394 236 454 dirarum
254 392 301 453 die
317 395 456 473 pauculas
472 397 569 456 uncias
586 394 734 471 venderet,
751 394 908 474 praeclusit
923 403 1042 454 cunctos
1054 398 1110 455 ne·'

109 479 278 556 gotiatores.
321 479 395 553 Quin
419 481 502 539 etiam
522 481 597 538 inter
618 479 775 538 canendum
796 478 1022 540 animadversam
1043 474 1131 540 rna·m

109 571 221 622 trooam
242 563 270 620 in
293 563 469 641 spectaculis
494 565 582 623 vetita
607 579 733 641 purpura
761 563 864 623 cultam
888 563 1103 625 demonstrasse

111 647 350 725 procuratoribus
373 649 431 706 suis
452 647 571 722 dicitur,
600 643 817 725 detractamque
842 647 911 707 ilico
937 666 994 708 non
1020 657 1103 708 veste

88 729 196 790 smodo
212 729 264 788 sed
276 740 305 790 et
319 731 403 790 bonis
419 732 506 791 exuit.
539 729 617 789 Nulli
631 728 778 807 delegavit
791 731 917 791 officium
931 741 1029 792 utnon
1046 731 1102 792 adi-

111 821 206 874 ceret:
225 813 296 874 Scir
314 814 389 894 quid
410 814 484 874 mibi
504 833 582 893 opos
602 814 661 874 sit!
685 823 715 873 et
728 813 797 875 Hoc
812 832 958 893 aponius,
982 835 1021 876 oe
1035 816 1105 897 quie

111 897 273 978 quicquam
286 897 419 960 babent!
440 898 547 960 Ultimo
571 898 685 976 templis
703 898 898 976 compluribus
918 899 994 959 dona
1010 901 1104 961 detra-

110 983 150 1042 xit
169 983 380 1062 simulacraque
398 1001 435 1042 ex
451 1000 521 1043 auro
539 982 586 1043 vel
603 991 725 1059 argento
743 981 883 1043 fabricata
905 983 1055 1061 conflavit,
1075 988 1103 1045 iu

109 1067 145 1126 iis
158 1067 304 1127 Penatium
319 1067 454 1145 deorum,
475 1086 549 1146 quae
562 1085 630 1126 mox
646 1065 736 1127 Galba
753 1067 885 1126 restituit.

76 1173 100 1213 ro
172 1150 328 1212 Parricidia
350 1161 380 1211 et
402 1152 508 1212 caedes
527 1170 543 1211 a
560 1150 681 1210 Claudio
699 1169 822 1211 exorsus
840 1159 899 1219 est:
925 1154 1005 1212 cuius
1022 1155 1146 1224 necisaa

110 1237 163 1295 etsi
184 1253 242 1294 non
263 1244 379 1313 auctor,
402 1245 431 1296 at
454 1238 589 1295 conscius
610 1235 680 1311 luit,
703 1253 799 1314 neque
825 1235 1052 1314 dissimulanter,
1074 1246 1103 1297 ut

109 1321 156 1399 qui
171 1318 304 1396 boletos,
319 1321 348 1379 in
364 1337 420 1399 quo
437 1319 494 1379 cibi
509 1338 620 1397 genere
636 1337 777 1378 venenum
792 1320 816 1378 is
830 1329 1001 1398 acceperat,
1022 1322 1103 1399 qnasi

108 1403 229 1464 deorum
246 1402 340 1463 cibum
363 1403 486 1483 posthac
510 1403 669 1482 proverbio
685 1401 799 1462 Graeco
817 1402 990 1464 conlaudare
1005 1405 1041 1464 sit
1057 1421 1103 1464 so·

1 1555 2 1561 ἵ
108 1488 184 1547 litus.
217 1485 304 1548 Certe
326 1487 457 1555 omnibns
479 1506 574 1547 rerum
594 1486 807 1566 verborumque
832 1488 1013 1548 contumeliis
1028 1507 1103 1549 mor·

74 1579 186 1631 ictuum
202 1572 359 1633 insectatus
373 1580 433 1648 est,
449 1572 534 1632 niodo
552 1570 690 1631 stultitiae
705 1571 792 1632 modo
807 1572 946 1632 saevitiae
961 1591 1102 1651 arguens;

108 1673 173 1716 nam
189 1664 218 1714 et
234 1657 374 1716 morari
401 1675 465 1716 eum
486 1657 598 1716 desisse
618 1658 693 1716 inter
708 1655 840 1716 homines
855 1655 996 1734 producta
1012 1659 1103 1736 prima

108 1739 220 1816 syllaba
244 1741 409 1818 iocabatur,
432 1741 577 1819 multaque
600 1740 718 1800 decreta
741 1750 771 1801 et
791 1741 956 1818 constituta,
986 1751 1016 1802 ut
1037 1744 1102 1802 insi-

108 1824 213 1902 pientis
230 1833 317 1902 atque
333 1825 431 1902 deliri,
454 1843 508 1904 pro
525 1825 612 1885 irritis
632 1824 744 1895 babuit;
770 1825 894 1905 denique
912 1824 1024 1885 bustum
1042 1828 1103 1886 eius

10 1915 17 1927 ⁴
109 1909 256 1987 consepiri
264 1953 272 1985 ,
290 1911 345 1969 nisi
359 1909 455 1969 humili
470 1909 587 1987 levique
602 1909 742 1985 maceria,
757 1909 896 1985 neglexit.

70 2017 98 2058 20
171 1991 363 2052 Britannicum
375 2010 432 2052 non
445 1994 537 2051 miuus
549 1993 738 2052 aemulatione
756 1993 848 2070 vocis,
865 2011 939 2072 quae
950 1994 992 2053 illi
1006 1995 1102 2054 iucun-
1179 2019 1213 2063 ti,

108 2077 172 2136 dior
187 2077 376 2155 suppetebat,
404 2095 488 2154 quam
512 2084 645 2135 metune
668 2075 839 2154 quandoque
861 2077 937 2156 apud
959 2077 1103 2137 bominum

107 2158 229 2238 'gratiam
241 2169 362 2238 paterna
376 2161 514 2220 memoria
529 2159 728 2238 praevaleret,
745 2177 858 2220 veneno
874 2161 1032 2238 adgressus
1048 2171 1102 2220 est.

108 2244 193 2319 Quod
217 2254 369 2324 acceptum
397 2263 413 2305 a
437 2243 557 2324 quadam
579 2243 721 2321 Lucusta,
747 2246 968 2306 uenenariorum
996 2245 1101 2321 indice,

108 2347 171 2388 cuni
188 2329 325 2408 opinione
346 2329 454 2390 tardius
468 2327 604 2404 cederet,
625 2337 727 2387 ventre
741 2327 827 2388 modo
844 2327 1000 2390 Britannici
1015 2339 1102 2406 moto,

70 2432 97 2473 aa
108 2415 280 2474 accersitam
298 2414 446 2473 mulierem
464 2431 515 2472 sua
529 2431 613 2472 manu
627 2411 794 2473 verberavit
813 2431 955 2491 arguens,
979 2432 1033 2492 pro
1053 2419 1112 2474 ve·'

108 2513 183 2556 neno
198 2497 354 2557 remedium
369 2496 499 2567 dedisse;
524 2498 748 2575 excusantique,
768 2497 860 2558 minus
884 2497 978 2558 datum
1000 2498 1037 2558 ad
1055 2516 1102 2559 oc·

108 2580 269 2641 cultandam
285 2581 422 2642 facinoris
437 2580 587 2659 invidiam,
609 2579 695 2642 Sanc
714 2583 804 2661 inquit
825 2580 920 2662 leqem
935 2581 1049 2644 Iuliam
1069 2583 1102 2643 ti·

105 2666 193 2724 rueo!
209 2667 367 2743 coegitque
381 2684 414 2724 se
431 2683 528 2725 coram
544 2665 572 2722 in
588 2664 721 2758 culpiculo
738 2683 821 2745 quam
837 2677 939 2746 posset
953 2668 1102 2726 uelocissi-

106 2766 182 2807 mum
197 2766 232 2808 ac
248 2758 488 2828 praesentaneum
512 2766 655 2827 coquere;
678 2749 781 2810 deinde
803 2752 831 2809 in
855 2745 937 2812 aedo'
952 2760 1101 2830 expertus,

69 2849 97 2892 ao
109 2841 262 2912 postquam
276 2835 302 2893 is
319 2835 443 2912 quinque
460 2833 547 2894 boras
571 2834 729 2912 protraxit,
754 2834 856 2894 iterum
877 2854 912 2895 ao
927 2837 1043 2914 saepius
1058 2853 1101 2893 re-

108 2913 221 2977 coctum
238 2917 371 2997 porcello
386 2918 507 2987 obiecit;
525 2934 581 2996 quo
597 2919 690 2976 statim
707 2918 881 2994 exanimato,
897 2919 998 2978 inferri
1011 2919 1039 2977 in
1053 2919 1102 2976 tri·

109 3000 221 3060 clinium
236 3001 355 3081 darique
368 3003 499 3062 caenanti
510 3019 609 3061 secum
621 3001 785 3062 Britannico
798 3003 958 3080 imperavit.
988 3001 1026 3064 Et
1039 3019 1102 3061 curu

105 3083 157 3144 ille
171 3085 207 3146 ad
223 3087 345 3165 primum
361 3095 476 3164 gustum
493 3085 685 3161 concidisset,
708 3086 844 3145 comitiali
854 3086 962 3146 morbo
979 3105 1016 3145 ex
1033 3103 1101 3145 con-

106 3169 256 3230 suetudine
279 3180 444 3249 correptum
467 3168 543 3248 apud
568 3171 705 3231 convivas
725 3171 890 3245 ementitus,
913 3180 1032 3248 postero
1056 3169 1101 3228 die

34 3251 38 3260 '
69 3255 209 3332 saraptim
230 3257 305 3314 inter
327 3259 466 3315 maximos
488 3254 595 3313 imbres
616 3253 759 3314 tralaticio
785 3253 886 3313 extulit
902 3253 1013 3314 funere.
1048 3254 1101 3313 Lu·

107 3345 205 3398 custae
223 3357 276 3418 pro
291 3349 394 3401 navata
408 3356 501 3418 opera
515 3339 710 3417 impunitatem
728 3337 904 3417 praediaque
920 3338 1029 3417 ampla,
1049 3337 1102 3398 sed

1 3429 3 3477 ἴ
106 3433 134 3480 et
147 3419 307 3502 discipulos
323 3422 410 3484 dedit.

167 3505 305 3586 Matrem,
321 3508 399 3569 iacta
416 3507 550 3585 dictaque
565 3525 615 3567 sua
633 3510 830 3588 exquirentem
845 3507 979 3570 acerbius
991 3516 1020 3566 et
1037 3517 1141 3572 cor-34
