2392 3926
55 839 112 891 ’μ’
123 842 331 938 Ἠηηνηηυίίη
346 876 433 937 initio
445 875 592 953 multumt,
609 873 689 954 q'noe
712 894 733 934 n
747 874 903 935 nonnullis
913 871 1042 935 monn
1054 877 1144 937 libro
1167 867 1168 872 ¹

131 968 258 1040 reperto
269 969 298 1022 et
309 961 350 1022 ab
364 958 534 1022 Omnibono
548 977 577 1019 o.
593 968 672 1020 1475
684 958 768 1020 edito
784 965 839 1035 eet,
852 959 972 1036 primns
982 955 1144 1040 Iosephus

130 1045 273 1126 Scoliqer
288 1045 428 1107 Suetonii
442 1061 510 1104 csse
524 1043 684 1104 indicauit.

198 1143 365 1195 quenalis
380 1145 457 1193 vitam
471 1143 634 1193 omittendam
647 1143 775 1201 duximus,
788 1159 845 1192 cum
859 1158 890 1192 ne
903 1143 1018 1209 potuisse
1034 1146 1141 1209 quidem
1150 1111 1171 1214 ”l

131 1213 293 1296 Tranquillns
306 1227 352 1292 per
367 1213 686 1294 aetatemvideatprdeeo
699 1221 871 1278 poetaagere.
956 1282 962 1292 ·
1124 1285 1129 1295 Ι
1171 1227 1172 1320 p

198 1282 235 1331 De
261 1281 401 1331 illustribus
419 1281 602 1331 Historrcrs
627 1280 795 1343 Hieronymus
819 1297 834 1330 e
859 1279 980 1331 Suetonio
1007 1293 1139 1349 excerpsit

129 1350 191 1400 buce
204 1350 273 1401 lere:
1172 1343 1173 1418 l

194 1431 348 1493 Cornelius
360 1431 461 1511 Nepos
476 1436 603 1512 scriptor
615 1433 770 1493 historicus
785 1434 880 1500 clarus
892 1432 1016 1493 babetur
1025 1451 1061 1494 a.
1074 1444 1138 1496 716.

194 1517 347 1577 Sallustius
365 1514 486 1596 Crispus
502 1520 629 1596 scriptor
642 1517 797 1578 historiens
814 1519 842 1596 in
858 1517 972 1577 Sabinis
990 1519 1137 1580 Amiterni
1148 1539 1174 1582 n*

129 1597 257 1660 nascitur
282 1619 312 1660 a.
336 1608 404 1662 668.
428 1607 486 1663 669
505 1647 511 1659 .
531 1646 537 1658 .
557 1647 563 1659 .
587 1601 741 1662 Sallustius
764 1602 840 1662 diem
857 1602 929 1662 obiit
944 1601 1137 1680 quadriennio

129 1692 195 1743 ante
211 1684 363 1744 Actiacum
379 1684 488 1744 bellum
501 1703 531 1745 n.
549 1692 613 1745 719.
752 1751 757 1762 ¹
1175 1694 1176 1722 ί

192 1766 318 1828 Messala
343 1765 485 1828 Corvinus
508 1778 607 1830 orator
619 1771 747 1830 nascitur
770 1780 800 1831 et
821 1768 854 1830 Τ.
871 1770 967 1830 Livius
980 1769 1137 1834 Patavinus
1176 1813 1177 1830 ν

122 1855 256 1932 'scriptor
277 1851 432 1912 historicus
453 1870 483 1912 o.
507 1860 688 1915 695-697.
707 1900 740 1913 ..
771 1852 804 1914 Τ.
827 1854 923 1914 Livius
943 1854 1136 1935 historiogra-

129 1936 201 2015 phus
217 1935 325 1998 Patavii
341 1939 460 1997 moritur
475 1954 505 1998 o.
518 1946 585 1999 776.
1146 1926 1178 2002 η1

191 2019 360 2082 Fenestella
386 2023 568 2083 historiarum
592 2023 719 2100 scriptor
740 2033 768 2082 et
792 2023 948 2084 carminum
975 2033 1135 2102 septuage-

129 2107 201 2166 simo
217 2123 291 2168 anno
306 2109 425 2168 moritur
440 2107 642 2186 sepeliturque
658 2103 754 2168 Gumis
775 2124 806 2168 n.
831 2114 898 2166 772.

192 2208 228 2282 Q.
246 2209 391 2269 Asconius
411 2209 554 2270 Pedianus
574 2208 701 2286 scriptor
712 2209 868 2270 historicus
887 2207 982 2268 clarus
998 2208 1135 2286 babetur,

130 2294 178 2372 qui
199 2295 415 2372 septuagesimo
437 2295 523 2355 tertio
544 2293 647 2353 aetatis
671 2311 741 2354 suae
763 2311 836 2354 anno
857 2301 959 2372 captus
980 2292 1136 2354 luminibus

130 2377 280 2437 duodecim
297 2388 400 2456 postea
415 2381 485 2438 vixit
499 2395 588 2437 annos
603 2379 632 2435 in
647 2395 756 2438 summo
782 2379 893 2439 bonore
917 2379 1042 2437 omniurn
1067 2395 1136 2438 con·
1146 2401 1168 2441 n

130 2478 289 2520 senescens
305 2479 335 2522 n.
354 2470 421 2523 828.
438 2469 504 2523 829.

193 2559 300 2620 Plinius
315 2562 466 2622 Secundus
487 2560 720 2632 Novocomensis
742 2573 843 2623 orator
868 2571 897 2624 et
914 2562 1072 2642 historiens
1094 2565 1135 2621 in·

129 2646 219 2722 signis
233 2645 366 2720 habetur,
385 2645 466 2710 cuius
480 2647 600 2725 plurima
614 2648 722 2724 ingenii
732 2665 824 2726 opera
839 2656 946 2708 extant.
970 2647 1061 2706 Periit
1070 2647 1136 2707 dum

128 2732 194 2789 risit
209 2728 366 2789 Vesuvium
389 2749 419 2790 a.
442 2739 647 2793 eoo-862.
676 2777 684 2792 .
709 2775 716 2789 .
738 2731 804 2794 Vita
827 2731 909 2791 Plinii
931 2749 970 2792 ex
996 2731 1135 2809 catalogo

127 2815 262 2876 Virorum
277 2815 429 2876 illustrium
441 2814 608 2894 Tranquilli.
641 2814 747 2875 Plinius
760 2815 912 2884 Secundus
927 2814 1132 2876 Novocomen-
1145 2839 1168 2878 n

127 2900 377 2978 sis‚equestribus
397 2901 503 2962 militiis
525 2900 664 2961 industrie
680 2900 795 2961 functus
817 2901 1041 2980 procurationes
1063 2917 1136 2978 quo-

127 3001 184 3062 que
212 2984 461 3062 splendidissimas
488 2994 518 3044 et
545 2987 694 3046 continuas
719 3003 828 3045 summa
854 2986 1021 3062 integritate
1046 2984 1137 3044 adrni-

127 3068 275 3144 nistravit‚
299 3078 328 3128 et
353 3079 448 3130 tamen
471 3068 640 3130 liberalibus
661 3070 763 3132 studiis
782 3079 888 3132 tantam
906 3085 1027 3148 operam
1042 3067 1136 3142 dedit,

129 3159 161 3210 nt
188 3170 245 3240 npn
264 3162 375 3226 temere
400 3156 465 3232 quis
491 3153 574 3233 plura
598 3156 626 3214 in
647 3156 705 3214 otio
734 3156 896 3233 scripserit.
931 3153 1032 3230 ltaque
1055 3151 1137 3212 belle

128 3238 238 3310 omnia,
255 3255 330 3313 quse
354 3257 477 3318 unquam
502 3257 565 3298 cnm
590 3238 738 3300 Germanis
759 3249 844 3315 gesta
859 3248 940 3314 sunt,
966 3234 1031 3296 XX.
1048 3235 1170 3300 volu-rs

60 3383 63 3389 ,
127 3318 249 3377 minibus
273 3321 506 3400 comprehendit,
527 3325 654 3402 itemque
670 3323 807 3383 naturalis
822 3323 961 3402 historiae
982 3318 1134 3381 xxxvto

127 3398 219 3458 libros
245 3399 380 3462 absolvit.
424 3405 514 3464 Periit
535 3405 618 3465 clade
641 3402 830 3484 Campaniam
866 3403 1027 3465 cumcuim
1043 3401 1136 3463 blise-

126 3482 210 3539 nensi
233 3481 322 3541 classi
349 3497 503 3562 praeesset
523 3498 552 3546 et
570 3487 710 3564 flagrante
729 3488 859 3574 Vesubio
874 3487 911 3550 ad
933 3487 1135 3567 explorandas
