2434 3908
186 231 317 281 LXXXVI
348 293 353 308 .
519 227 727 276 PRAEFATIO.

186 407 247 449 curn
261 389 324 462 ipso
342 387 450 444 nomine
466 403 499 441 ea
512 403 583 456 quae
596 387 632 442 ad
646 403 734 456 genus
747 387 923 443 Annaeorum
939 385 1084 459 ipsiusque

185 479 287 547 poetae
303 478 421 528 aetatem
437 472 591 525 accuratius
608 471 790 528 deliniendam
802 471 995 542 pertinebant,
1012 487 1082 541 quae

187 557 314 612 consulto
330 554 498 610 scholiasten
513 553 641 609 omisisse
657 554 834 624 crediderim,
851 559 997 626 postquam
1012 555 1082 610 alte-

187 657 245 696 ram
260 639 342 695 vitam
359 637 543 709 quaeh'aecae
560 639 648 692 fertur
662 636 796 708 integram
811 633 1017 712 perscripsit⁷⁸)
1032 639 1082 694 has

186 741 232 780 res
248 721 460 793 diligentissime
476 727 644 777 exsecutam.
671 722 736 776 Tum
750 722 778 777 in
793 721 998 794 posterioribus
1015 738 1083 792 quo-

187 823 240 879 que
256 807 386 861 nonnulla
407 805 495 860 minus
517 805 638 876 levigata
659 812 737 875 sunt,
754 811 784 860 ut
804 804 920 877 pristina
943 805 1083 876 elegantia

188 890 338 949 omittendo
355 889 600 959 contrahendoque
615 890 762 946 obscurata
785 906 849 944 esse
865 889 1001 944 videatur.
1046 888 1082 943 At

188 993 215 1049 p.
231 979 297 1043 299,
312 979 344 1031 21
364 989 418 1029 non
435 971 603 1029 scholiastae
619 972 747 1039 consilio,
765 973 814 1028 sed
830 972 938 1027 librarii
953 973 1033 1044 lapsu
1048 989 1080 1028 eu

189 1057 329 1114 excidisse
344 1063 460 1128 apparet
473 1056 589 1128 quaeda
606 1056 671 1126 iuga
685 1056 785 1112 Lucani
802 1062 830 1110 et
844 1056 944 1110 itincre
957 1055 1080 1111 htlrenas

188 1143 262 1198 iacto
278 1141 433 1210 studiisque
449 1139 643 1212 philosophiae
659 1139 762 1211 scriptu
781 1139 903 1194 luerunt.

247 1225 322 1282 Haec
344 1225 399 1280 uita
421 1230 485 1295 post
506 1223 655 1278 editionem
675 1223 828 1296 principem
850 1240 876 1278 a.
894 1228 960 1282 1475
983 1223 1081 1279 lactum

186 1309 269 1366 toties
282 1326 342 1365 cum
358 1307 458 1363 Lucani
474 1306 593 1364 carruae
606 1307 717 1377 vulgata
735 1313 787 1376 est,
802 1313 833 1361 ut
849 1321 915 1362 sane
931 1306 1082 1362 mirandum

186 1393 223 1450 sit
240 1400 268 1449 et
284 1391 456 1461 scaligerum
477 1390 572 1448 lormis
596 1406 651 1445 non
667 1407 796 1446 excusam
819 1390 961 1462 putavisse
985 1396 1013 1444 et
1029 1390 1082 1445 (la-

186 1478 338 1532 sanbonum
360 1474 497 1530 secundae
513 1490 580 1530 suae
602 1469 761 1548 editioniff)
784 1475 925 1531 addidisse
946 1480 1081 1544 tamquam

186 1553 370 1630 ineditamffl).
415 1557 519 1629 Scripti
542 1557 608 1612 libri
627 1557 746 1629 inspecti
768 1565 830 1612 sunt
845 1559 933 1615 adhuc
947 1559 1009 1614 Vlll
1029 1574 1081 1612 uu-

186 1658 279 1711 mero‚
295 1657 409 1712 quorum
425 1639 483 1695 bini
497 1642 603 1696 Beruae
619 1647 647 1696 ct
661 1640 790 1710 Parisiis,
805 1641 908 1713 singuli
923 1641 1081 1713 ilontepes-

185 1723 240 1782 suli
254 1723 387 1780 cassellis
401 1724 523 1779 berolini
538 1731 726 1795 asservantur,
741 1742 809 1781 unns
827 1726 960 1780 incertum
976 1725 1023 1780 ubi
1038 1725 1080 1780 la-

185 1837 386 1849 -.-..-......-ι

253 1899 301 1964 78)
321 1901 440 1968 Superest
458 1903 512 1953 eius
530 1905 631 1970 generis
648 1903 729 1954 codex
746 1904 881 1954 Berneusis
897 1903 947 1955 370
963 1904 1079 1966 idemque

184 1970 296 2030 ornuiurn
314 1971 540 2022 emendatissimus.
576 1973 605 2022 ln
629 1986 658 2023 eo
677 1974 743 2022 euim
760 1982 817 2038 post
832 1974 980 2023 vocabulum
995 1987 1080 2022 ocaea-

183 2044 231 2102 εἰσ,
245 2039 314 2105 quod
329 2039 442 2090 ultimum
457 2048 496 2090 est
510 2040 576 2090 vitae
592 2056 608 2090 a
621 2041 705 2090 Vacca
719 2042 883 2106 conscriptae,
902 2042 1020 2091 contiuuo
1038 2055 1079 2090 se-

184 2119 295 2178 quuntur
308 2110 395 2158 Prima
412 2110 504 2174 inpertit
517 2118 562 2160 etc.
585 2111 691 2176 parvulo
708 2111 794 2160 relicto
812 2110 942 2159 intervallo
961 2109 1079 2171 nulloque

184 2179 256 2232 titulo
268 2178 424 2242 interposito.

252 2247 300 2311 79)
321 2248 353 2300 Α.
379 2246 452 2297 1619.
489 2245 539 2297 Sed
562 2249 611 2296 iam
628 2262 653 2296 a.
673 2246 739 2298 1596
756 2255 898 2312 occeperat,
918 2245 1078 2295 aTlreodoro

184 2317 291 2368 cantero
312 2315 472 2366 Uitraiectino
497 2332 510 2365 e
528 2317 607 2366 veteri
627 2315 712 2366 codice
732 2315 898 2380 descriptam,
921 2314 965 2365 air.
985 2315 1079 2366 Casan-

183 2382 244 2438 ¹boui
268 2383 388 2447 epistolae
409 2400 435 2448 p.
458 2383 509 2435 646
527 2383 618 2433 Almel.
643 2384 710 2448 quod
727 2383 868 2450 exemplum
886 2382 1079 2434 Almeioveeuus

184 2452 220 2502 ed.
233 2450 349 2515 vulgatas
366 2450 487 2501 editiones
509 2452 644 2502 refluxisse
657 2452 763 2503 videtur.
798 2451 962 2517 Desumptam
983 2452 1079 2503 scau-

184 2527 239 2570 tero
255 2517 282 2568 C.
300 2518 340 2566 Fr.
356 2517 450 2568 Weber
472 2521 620 2585 opinabatur
636 2537 667 2570 ex
685 2521 769 2584 aliqua
786 2522 926 2586 priscarum
942 2521 1078 2570 editionum

184 2600 242 2638 cum
258 2585 349 2648 quibus
367 2587 487 2635 nonnulla
510 2590 651 2638 communia
667 2588 754 2649 habet,
777 2597 805 2638 ut
823 2605 848 2654 p.
867 2589 932 2650 299,
955 2590 987 2640 15
1003 2590 1079 2637 iuter-

185 2655 269 2723 polate
287 2655 363 2704 rerba
378 2655 425 2715 Qut
440 2663 525 2706 tautae
544 2659 652 2707 leuitatis
670 2665 695 2707 et
711 2660 884 2707 immoderatae
901 2660 1000 2721 linguae
1020 2658 1078 2718 fuit.

185 2728 218 2775 At
241 2723 328 2773 eadem
354 2723 431 2772 verba
453 2722 622 2787 Berolipensis
648 2740 746 2790 quoque
770 2727 834 2775 liber
858 2726 945 2786 lrabet3
967 2734 990 2776 et
1017 2723 1079 2774 haec

184 2800 250 2844 certe
265 2807 291 2856 p.
307 2791 372 2853 299,
388 2793 420 2842 12
439 2791 478 2841 M.
494 2794 613 2844 Annaeus
631 2796 748 2844 Lucanus
766 2795 945 2854 Cordubensis,
964 2793 995 2843 21
1015 2797 1078 2856 rari,

184 2877 210 2928 p.
226 2859 286 2921 300,
305 2859 495 2923 ipurricnilom,
513 2861 529 2912 3
545 2865 605 2924 autb,
621 2865 636 2913 5
655 2879 711 2927 sqq.
741 2863 861 2915 Poenam
876 2866 947 2914 etium
962 2865 1016 2926 eius
1030 2870 1076 2915 etc.

183 2929 269 2992 utique
293 2929 437 2995 inscriptis
459 2930 529 2981 libris
546 2940 658 2998 reperta,
682 2946 755 2982 nemo
777 2932 922 2998 typothetae
942 2931 1079 2982 tradiderat

183 3006 241 3048 aute
255 2996 438 3048 (insaubonum.
475 2999 594 3050 Dubitare
611 3001 689 3066 igitur
703 3001 755 3052 uoii
773 3003 832 3066 quin
849 3001 935 3052 codice
950 3015 998 3054 ms.
1014 2999 1076 3050 Gau·

181 3075 251 3117 terus
269 3080 331 3117 usus
349 3068 396 3129 sit,
415 3075 439 3116 et
455 3068 499 3117 tali
517 3068 618 3132 quidem
636 3071 679 3133 qui
696 3069 891 3120 adBerneusem
908 3069 942 3121 45
963 3068 1078 3136 proxime

182 3132 328 3195 malebat,
346 3134 392 3186 cir.
408 3151 433 3200 p.
452 3135 511 3196 299,
528 3136 562 3186 20
580 3138 629 3186 Hie
646 3141 671 3187 ia
688 3140 773 3200 initio,
796 3141 826 3189 21
844 3141 924 3204 torpe,
940 3152 966 3205 p.
985 3136 1079 3199 300,2

182 3203 261 3252 libero
273 3203 391 3265 arbitrio,
413 3204 428 3254 5
442 3207 514 3253 etiam
527 3208 586 3256 eius.

250 3267 294 3330 80)
313 3271 422 3321 Priorum
438 3271 578 3324 advetnstn
593 3275 708 3340 exempla
722 3277 860 3328 accessisse
869 3277 1003 3342 lingonem
1015 3274 1076 3326 Gro

182 3336 246 3387 tium
263 3337 344 3396 video,
365 3341 407 3402 qui
429 3340 455 3390 iu
470 3356 516 3391 sua
533 3343 641 3394 editione
658 3359 681 3392 a.
705 3344 769 3395 1614
791 3346 883 3395 emissa
902 3345 1078 3396 casaubonum

182 3403 296 3466 alioquin
313 3406 439 3470 referens,
467 3411 538 3459 urreis
561 3426 591 3459 ea
607 3411 707 3461 inclusit
725 3427 790 3476 qnae
808 3414 839 3463 ab
857 3414 966 3478 antiquis
986 3413 1077 3464 editio·

182 3471 257 3522 uibus
274 3474 361 3524 abesse
378 3477 594 3530 animadverterat.
