2468 3912
147 211 199 296 x70
244 248 273 296 c.
291 247 439 296 saccom
456 246 583 306 nnana.
601 247 648 293 nn
664 246 745 294 vma
761 246 945 294 causacum
960 247 1029 294 nie.
1046 247 1081 294 11.

328 405 475 478 Postquam
491 405 530 460 bis
544 408 633 462 classe
646 409 731 464 uictus
744 421 828 462 nares
835 406 972 478 perdidit,

328 489 481 561 Aliquando
497 492 642 561 autumnat,
659 492 725 546 ludit
737 492 846 546 assidue
862 491 960 545 aleam.

118 569 204 635 ttltx
225 568 327 648 quibus
351 569 415 628 sive
438 569 601 629 criminibus
619 571 681 629 sive
698 569 857 630 maledictis
873 569 1015 630 infamiam
1032 568 1149 647 impudi-

159 652 243 713 citiae
264 652 399 713 facillime
420 653 555 714 reintavit
575 663 605 714 et
625 655 787 733 praesentis
808 661 837 713 et
857 663 994 732 posterae
1011 653 1088 712 vitae
1104 671 1148 713 ca-

158 737 267 806 stitate;
291 737 358 797 item
379 737 547 798 lautitiarum
568 737 720 815 invidiam,
740 755 802 797 cum
822 747 851 796 et
870 737 1047 798 Alexandria
1068 746 1174 816 captas

157 820 226 880 nihil
247 820 301 879 sibi
317 830 433 900 praeter
449 839 532 881 unum
547 824 698 882 murrinum
715 822 834 882 calicem
849 841 887 881 ex
900 824 1086 881 instrumento
1101 839 1147 880 re·

157 906 207 982 gio
223 906 379 984 retinuerit,
395 914 425 965 et
437 923 505 965 mox
518 923 588 966 vasa
604 924 690 966 aurea
705 905 889 966 assiduissimi
901 925 969 965 usus
983 904 1151 966 conflaverit

158 991 260 1048 omnia.
295 988 380 1050 Circa
398 989 531 1050 libidines
548 989 654 1060 haesit;
678 998 780 1068 postea
797 1006 927 1069 qnoque,
943 998 973 1049 nt
987 990 1096 1066 ierunt,
1116 987 1150 1048 ad

158 1073 296 1134 uitiandas
323 1074 452 1152 virgines
479 1075 655 1153 promptior,
683 1074 835 1154 quaesibi
861 1073 984 1153 undique
1010 1075 1093 1134 etiam
1115 1072 1150 1133 ab

157 1174 249 1218 uxore
275 1160 521 1236 conquireremus.
552 1157 644 1217 Aleae
664 1175 807 1218 rumorem
828 1157 907 1218 nullo
922 1157 1008 1218 modo
1023 1159 1177 1236 expavit,u

157 1242 280 1322 lusitque
296 1241 465 1322 simpliciter
479 1251 507 1301 et
524 1241 617 1321 palam
630 1241 833 1302 oblectamenti
849 1261 936 1302 causa
951 1242 1035 1302 etiam
1050 1258 1151 1318 senex,

156 1344 200 1404 ac,
217 1336 417 1405 praeterquam
429 1325 586 1392 Decembri
599 1343 715 1403 mense,
739 1326 802 1387 aliis
817 1344 931 1406 quoque
943 1327 1026 1386 iestis
1042 1335 1071 1386 et
1085 1341 1150 1404 pro·

156 1411 240 1470 iestis
262 1410 371 1471 diebus.
401 1409 464 1469 Nec
483 1411 511 1470 id
532 1409 645 1469 dubium
670 1419 723 1470 est.
754 1411 942 1491 Autograpbn
957 1409 1077 1489 quadam
1091 1410 1151 1488 epi·
1206 1422 1214 1438 ‘¹

157 1494 230 1553 stnla
253 1493 405 1570 annaoi,
434 1497 488 1570 ait,
516 1494 558 1553 mi
582 1493 693 1571 Tiberi,
719 1513 786 1556 uun
806 1494 926 1565 isdem,·
956 1499 1154 1556 accesserunt

158 1577 307 1638 conuiuae
326 1575 460 1638 Vinicius
480 1586 509 1639 et
523 1577 619 1638 Silius
634 1586 737 1656 pater.
770 1577 856 1640 luter
876 1597 1004 1640 coenam
1025 1577 1184 1640 lammasm

155 1662 329 1740 peranticos
345 1668 374 1722 et
386 1660 453 1722 lieri
467 1669 497 1722 et
511 1661 622 1733 bodie;
646 1663 718 1723 talis
735 1665 813 1724 enim
826 1663 962 1740 iactatis,
978 1663 1155 1744 utquisque

158 1762 263 1824 canem
284 1753 339 1807 aut
359 1746 513 1807 senionem
533 1747 677 1823 miserat,
700 1747 732 1806 iu
752 1748 890 1828 sinpulos
912 1748 993 1809 talos
1014 1746 1154 1827 mapulas

157 1829 304 1891 denarios
324 1829 355 1891 in
376 1831 506 1891 medium
529 1830 726 1909 conferebat,
748 1850 824 1911 quas
840 1832 965 1893 tollebat
978 1831 1153 1906 adiuuem,

156 1915 208 1994 qui
226 1912 368 1976 Venerem
387 1915 512 1976 iecerat.
542 1914 580 1975 Et
602 1934 700 1975 rursus
718 1915 781 1977 aliis
797 1916 916 1977 litteris:
938 1914 1021 1993 Nos,
1043 1916 1086 1976 mi
1104 1914 1153 1975 Ti-

155 1999 239 2077 beri,
264 1997 475 2080 Quinquatrus
502 1999 582 2060 satis
608 1999 741 2060 iucunde
762 2001 898 2080 epinuts;
925 2000 1053 2061 lusimus
1075 1999 1186 2060 enimn

151 2103 211 2163 per
231 2086 328 2145 omnis
350 2085 416 2145 dies
433 2085 596 2166 farumque
618 2083 805 2145 aleatorium
820 2085 1007 2165 calfecimus.
1041 2083 1156 2146 drater

156 2177 225 2229 tuas
243 2169 364 2250 maquis
385 2168 573 2231 clarnariltus
592 2187 656 2228 rem
674 2169 789 2248 pessit,·
817 2170 860 2229 ad
880 2187 1027 2230 maumam
1053 2175 1157 2229 tamen

152 2253 291 2330 perdidit
309 2273 371 2315 uon
390 2256 530 2331 muttum,
554 2253 611 2313 sed
632 2271 671 2312 ea
688 2253 809 2331 mapnis
825 2253 1013 2314 detrimentis
1023 2259 1157 2332 praeter

155 2353 240 2413 spem
262 2337 415 2414 paulatim
439 2345 594 2398 reuectus
617 2344 671 2398 cst.
711 2335 777 2416 Epo
797 2337 922 2416 perdidi
940 2337 1049 2418 oiqiutt'
1067 2337 1159 2398 milia

155 2437 306 2479 nummum
330 2439 395 2482 meo
420 2422 556 2497 uomina,
585 2421 642 2481 sed
666 2439 733 2482 cum
757 2419 852 2502 effuse
869 2423 902 2483 in
921 2422 990 2483 lusu
1012 2420 1190 2483 literatus

154 2500 297 2581 fuissem,
321 2510 356 2565 ut
375 2504 459 2566 solea
472 2506 659 2584 plerumque.
690 2504 771 2566 Num
785 2505 815 2566 si
830 2525 909 2588 quas
923 2522 1033 2567 manus
1047 2507 1161 2566 remisi

156 2586 263 2666 cuique
287 2589 470 2669 coepissem,
497 2597 553 2650 aut
575 2589 767 2651 retinuissem
792 2591 876 2670 quad
896 2590 1003 2671 cuique
1024 2588 1157 2665 donavi,

153 2670 294 2733 uicissem
312 2673 362 2734 aei
375 2673 597 2753 quinquaqinta
610 2674 705 2734 milia.
735 2673 801 2735 Sed
813 2675 872 2737 boc
886 2675 969 2736 malo
976 2700 991 2747 ,·
1015 2673 1158 2754 deniqui·

154 2762 204 2816 tas
224 2757 302 2818 enim
316 2775 386 2818 mea
402 2776 449 2818 me
464 2757 507 2818 ad
522 2758 682 2819 caelestem
696 2759 829 2839 pluriam
845 2756 957 2841 efferet.
994 2757 1103 2819 Scribit
1122 2758 1162 2818 ad

154 2840 346 2903 liliam:·lllisi
359 2842 413 2903 tibi
429 2842 575 2903 denarios
590 2842 735 2904 ducentos
752 2844 982 2924 quinquaqinta,
999 2860 1078 2923 quas
1091 2842 1159 2904 sin·
1170 2857 1193 2898 u

151 2926 234 3004 pulis
253 2927 390 2989 conuiuis
411 2926 574 3003 dederam,
595 2927 624 2986 si
643 2927 753 2988 uellent
772 2928 851 2988 inter
871 2946 906 2988 se
926 2927 1006 2988 inter
1024 2943 1161 2988 caenam

152 3011 202 3072 ael
216 3011 289 3073 talis
303 3012 352 3072 vel
361 3029 424 3090 par
438 3012 541 3091 impar
556 3011 671 3072 ludere.

111 3097 146 3154 te
216 3094 247 3155 ln
269 3095 374 3156 ceteris
398 3096 526 3175 partibus
546 3098 621 3156 vitae
640 3095 914 3156 continentissimum
930 3095 1020 3155 inisse
1040 3103 1161 3156 constat

155 3194 189 3236 ac
210 3179 271 3240 sine
287 3181 454 3260 suspicione
469 3181 555 3240 ullius
569 3181 640 3241 vitii.
683 3179 828 3240 Habitavit
844 3183 936 3260 primo
955 3181 1032 3240 iuxta
1047 3179 1160 3241 Roma·

153 3277 219 3318 num
233 3262 336 3341 lorum,
352 3283 439 3345 snpra
454 3265 555 3325 Scalas
572 3263 730 3340 acclamas,
748 3265 777 3323 iu
795 3265 879 3326 domo
896 3283 970 3344 quae
988 3261 1071 3324 Calvi
1088 3280 1158 3323 ora·
1171 3277 1191 3318 a

153 3343 225 3401 toris
240 3344 347 3417 iuerat;
371 3357 473 3425 postea
488 3350 516 3406 in
531 3347 656 3422 Palatio,
680 3346 732 3406 sed
747 3347 836 3409 nihilo
851 3349 942 3408 minus
958 3347 1077 3408 aedibus
1093 3364 1160 3406 mo·

154 3424 227 3486 dicis
240 3425 452 3507 Hortensianis,
477 3441 506 3491 et
523 3448 618 3509 neque
633 3429 751 3490 laxitate
767 3449 861 3510 neque
878 3431 955 3490 cultu
974 3431 1161 3509 conspicuis,

153 3517 184 3568 ut
204 3509 233 3567 in
252 3508 353 3587 quibus
376 3515 505 3591 porticus
519 3512 627 3572 breves
642 3523 739 3575 essent
754 3512 931 3574 Albanarum
947 3514 1161 3592 columnarum,
