2466 3896
466 240 495 287 c.
519 239 702 288 caurauni.
1023 229 1080 290 141

89 392 252 454 contionem
277 394 485 472 confestimque
515 395 614 455 urbem
645 396 731 473 petit,
764 395 877 456 deflexa
898 398 973 456 omni
1001 414 1082 456 noer-

87 478 177 538 bitate
198 478 226 535 in
251 486 396 555 senatum,
420 480 466 538 cui
495 479 530 540 ad
551 479 724 540 auertendos
744 487 885 540 tantorum
907 480 1082 541 dedecorum

10 589 15 614 r
86 577 218 621 rumores
239 562 333 640 palam
359 561 532 631 minabatur;
557 581 682 642 querens
709 563 783 622 inter
806 573 902 624 cetera
923 564 1082 626 fraudatum

1 623 17 700 d
88 664 122 704 se
137 647 212 704 insto
227 644 384 725 triumpho,
406 649 546 724 cumipse
561 647 647 725 paulo
663 655 744 724 ante,
767 665 803 706 ne
826 648 893 726 qnid
914 648 950 708 dc
966 648 1081 709 bonori-

66 731 142 791 sbns
174 729 232 789 suis
260 739 410 808 ageretur,
434 731 518 791 etiam
551 729 603 790 sub
633 731 731 790 mortis
760 748 854 809 poena
875 731 1080 794 denuntiasset.

87 812 190 872 A'ditus
212 831 284 891 ergo
307 816 336 872 in
351 816 452 874 itinere
478 814 614 892 elegatis
635 814 800 892 amplissimi
816 816 923 874 ordinis
942 825 971 876 nt
992 826 1124 886 matu-49

2 911 3 930 ³
87 905 165 958 raret
179 898 340 974 orantibus,
360 916 443 979 quam
457 900 577 959 maxima
592 915 667 958 voce
687 896 810 958 Veniam
824 900 928 977 inquit,
948 902 1079 977 neniam,

20 993 23 998 ·
88 987 117 1040 ct
142 980 192 1042 bt'c
217 983 350 1042 meeum!
397 982 528 1061 capulum
562 983 651 1058 gladii
681 981 785 1041 crebro
814 982 987 1062 verberans,
1023 1001 1080 1064 quo

88 1061 196 1125 dinetus
212 1074 283 1126 erat.
311 1064 408 1126 Edirit
426 1075 454 1126 et
467 1067 582 1127 reverti
593 1083 643 1140 ae,
671 1066 727 1125 sed
738 1066 778 1126 iio
793 1072 909 1126 tautum
924 1067 976 1146 qui
992 1074 1079 1145 opta·

2 1173 3 1206 t
55 1155 170 1226 rorent,
209 1151 343 1228 equestri
367 1150 471 1211 ordini
494 1156 523 1210 et
547 1150 689 1228 populo;
713 1167 786 1210 uam
806 1167 840 1209 oe
866 1165 963 1228 aeque
986 1151 1081 1212 cioem

87 1250 183 1312 aeque
210 1234 382 1311 principem
415 1234 538 1294 senatui
572 1235 704 1312 ampliata
737 1231 819 1312 fore.
868 1235 967 1293 Vetuit
997 1237 1081 1294 etiam

88 1334 256 1396 quemquam
274 1326 437 1378 senatorum
454 1317 508 1377 sibi
522 1334 687 1392 occurrere,
705 1326 791 1395 atque
806 1319 913 1377 omisso
930 1317 978 1378 vel
993 1317 1080 1379 dilato

87 1400 228 1479 triumpho
256 1418 346 1460 ovans
378 1402 477 1461 urbem
491 1400 577 1462 natali
607 1419 660 1461 suo
686 1404 835 1478 ingressus
857 1411 920 1471 est3
949 1404 1081 1481 intraque

1 1498 24 1546 ι’
87 1494 216 1562 quartum
230 1503 357 1544 mensem
373 1487 475 1563 periit,
496 1487 622 1563 ingentia
643 1485 772 1546 iaoinora
789 1505 874 1546 ausus
889 1494 919 1546 et
934 1487 1079 1565 aliquanto

53 1583 76 1624 aa
85 1569 193 1628 maiora
225 1569 356 1628 moliens.
406 1569 550 1650 Siquidem
586 1577 779 1648 proposuerat
807 1569 938 1648 Antium,
976 1569 1080 1630 deinde

85 1652 297 1713 Alexandream
321 1654 524 1733 commigrare,
547 1654 720 1733 interempto
740 1657 818 1733 prius
841 1656 988 1735 utriusque
1005 1654 1079 1714 ordi·

84 1738 130 1795 nis
146 1734 321 1796 electissimo
349 1755 473 1818 qnoque.
520 1738 661 1814 Quodne
687 1741 733 1798 cui
755 1737 867 1799 dubium
884 1738 1029 1816 videatur,
1051 1742 1080 1798 in

1 1818 22 1871 l·
86 1820 208 1879 secretis
233 1822 294 1880 eius
321 1825 430 1902 reperti
451 1831 515 1883 sunt
537 1823 593 1883 dno
615 1823 707 1882 libelli
733 1823 848 1883 diverso
871 1822 970 1900 titulo,
996 1823 1079 1884 alteri

86 1903 248 1982 gladius,
272 1906 354 1965 alteri
374 1907 484 1984 pugio
505 1907 593 1967 index
614 1916 691 1976 erat;
718 1906 801 1966 ambo
819 1909 933 1967 nomina
953 1915 983 1966 et
996 1916 1078 1968 notas

51 2010 75 2051 ao
85 1987 270 2048 continebant
298 1991 383 2049 morti
414 1989 627 2050 destinatorum.
675 1989 794 2050 Inventa
825 1999 854 2049 et
882 2008 949 2050 arca
976 1991 1079 2068 ingens

85 2072 229 2132 variorum
243 2090 419 2132 venenorum
430 2073 538 2152 plena,
565 2073 668 2153 quibus
688 2090 756 2132 mox
771 2092 787 2134 a
803 2071 922 2133 Claudio
940 2073 1078 2133 demersis

85 2155 192 2216 iniecta
222 2159 309 2218 maria
340 2157 500 2233 traduntur,
535 2176 592 2217 non
623 2159 686 2216 sinc
712 2159 832 2236 piscium
865 2157 970 2234 exitio,
1006 2174 1079 2235 quos

1 2249 24 2314 ,t
86 2249 204 2301 enectos
220 2251 317 2302 aestus
334 2243 362 2300 in
378 2244 508 2321 proxima
526 2241 611 2302 litora
627 2241 723 2301 eiecit.

148 2326 262 2386 Statura
277 2326 329 2385 fuit
345 2327 493 2404 eminenti,
517 2327 617 2387 colore
634 2324 796 2403 expallido,
817 2341 941 2404 corpore
959 2325 1076 2401 enormi,
1087 2333 1122 2388 ὁὸ

51 2409 247 2484 agracilitatc
262 2411 382 2472 maxima
403 2412 526 2471 cervicis
542 2420 571 2470 et
592 2427 722 2486 crurum,
743 2408 835 2469 oculis
854 2417 884 2468 et
901 2407 1078 2488 temporibus

86 2495 236 2572 concavis,
259 2495 353 2554 fronte
380 2495 437 2554 lata
463 2503 492 2555 et
513 2503 610 2572 torva,
641 2493 747 2572 capillo
768 2511 835 2554 raro
857 2511 893 2553 ac
919 2497 995 2554 circa
1014 2512 1078 2553 ver-

84 2577 169 2636 tieem
181 2577 276 2654 nullo,
298 2577 421 2638 hirsutus
438 2588 545 2638 cetera.
569 2575 687 2654 'Quare
712 2586 877 2637 transeunte
904 2595 939 2637 eo
965 2579 1078 2656 prospi-

86 2678 153 2719 cere
177 2680 214 2722 ex
235 2663 386 2740 superiore
408 2672 504 2741 parte,
527 2670 573 2722 aut
595 2663 707 2723 omnino
730 2679 907 2740 quacumque
929 2660 965 2721 de
992 2678 1079 2722 causa

86 2760 200 2822 capram
225 2747 385 2823 nominare,
410 2747 592 2807 criminosum
617 2756 647 2806 et
662 2746 777 2806 exitiale
797 2744 964 2806 habebatur.
1009 2744 1077 2804 Vul-

51 2845 75 2886 so
85 2836 142 2887 tum
158 2845 229 2890 vero
241 2838 341 2890 natura
361 2830 507 2891 horridum
522 2849 557 2892 ac
573 2839 675 2891 tetrum
694 2831 778 2890 etiam
799 2848 836 2889 ex
855 2828 993 2888 industria
1008 2828 1077 2886 eile-

83 2911 181 2989 rabat,
207 2930 383 2993 componens
404 2914 439 2974 ad
465 2915 613 2994 speculum
634 2915 662 2973 in
678 2930 789 2973 omnem
808 2922 949 2972 terrorem
969 2929 1004 2971 ac
1019 2912 1077 2970 for·

2 3051 3 3056 ,
83 2994 226 3056 midinem.

28 3056 38 3074 ν
146 3079 282 3141 Valitudo
301 3083 440 3161 cinoque
459 3081 591 3160 corporis
609 3098 702 3161 neque
724 3081 807 3140 animi
824 3079 959 3139 constitit.
1003 3077 1079 3138 Puer

86 3164 221 3224 comitiali
236 3165 337 3226 morbo
351 3174 487 3242 vexatus,
509 3168 538 3224 in
553 3163 747 3225 adulescentia
767 3165 805 3223 ita
819 3164 931 3242 patiens
948 3161 1077 3226 laborum

51 3265 75 3307 aa
85 3256 161 3326 erat,
182 3257 212 3308 nt
229 3259 323 3310 tamen
337 3267 544 3328 nonnumquam
560 3248 652 3309 subita
666 3248 831 3308 defectione
845 3247 973 3325 ingredi,
989 3256 1076 3320 stare,

86 3332 228 3410 colligere
244 3342 336 3393 semet
352 3352 387 3394 ac
401 3334 523 3394 sufferre
538 3334 588 3392 vix
608 3340 718 3410 posset.
767 3331 871 3392 Mentis
894 3330 1075 3392 valitudinem

2 3476 3 3480 ,
86 3417 199 3495 etipse
231 3427 362 3478 senserat
388 3435 423 3478 ao
453 3415 572 3476 subinde
599 3415 634 3476 de
663 3433 783 3476 secessu
810 3415 904 3496 deque
927 3414 1077 3495 purgando

1 3489 22 3525 i
85 3499 209 3560 cerebro
236 3503 383 3578 cogitavit.
428 3498 560 3562 Creditur
584 3501 749 3581 potionatus
776 3519 792 3562 a
819 3499 962 3562 Caesonia
984 3516 1078 3560 uxore
