2466 3896
217 685 259 768 O.
288 687 523 770 SUETONI
547 687 888 776 TRANQUILLI

66 854 185 956 bn
238 853 468 984 uuna
516 853 1032 960 censurarum

427 1056 566 1122 LIBER
587 1057 670 1162 ΙΙΠ.Ι

349 1217 382 1290 0.
418 1216 752 1289 eumenus.

24 1573 36 1616 s
114 1550 315 1629 Germanicus,
335 1549 367 1612 O.
391 1549 525 1613 Caesaris
546 1561 645 1632 pater,
667 1553 753 1614 Drusi
771 1562 801 1614 et
821 1555 939 1614 minoris
954 1552 1074 1624 Anto-1

47 1641 114 1698 niae
130 1634 216 1713 iilius,
230 1636 376 1697 a'i'iberio
392 1646 494 1716 patruo
510 1636 673 1718 adoptatus,
691 1649 873 1718 quaesturam
888 1639 1045 1718 quinquen·

46 1725 96 1782 nio
123 1729 188 1780 ante
212 1739 295 1799 quum
316 1721 475 1801 perleges
497 1722 602 1783 liceret
628 1732 657 1784 et
685 1733 754 1802 post
779 1742 843 1784 eam
869 1724 1047 1784 consulatum

47 1806 144 1866 statim
156 1808 259 1882 gessit,
275 1806 436 1885 missusque
449 1806 483 1868 ad
500 1809 659 1868 exereitum
673 1809 702 1867 in
715 1807 905 1884 Germaniam,
922 1827 1047 1870 excessu

46 1890 174 1966 Augusti
191 1891 327 1965 nuntiato,
343 1888 477 1967 legiones
491 1894 659 1970 universas,
681 1894 886 1972 imperatorem
901 1891 1047 1953 Tiberium

17 1973 281 2054 repentinacissime
292 1977 453 2034 recusantis
467 1983 495 2035 et
507 1975 561 2034 sibi
576 1993 711 2036 summam
726 1978 769 2036 rei
785 1995 814 2056 p.
832 1975 990 2036 deferentis
1006 1979 1046 2036 in·

47 2065 160 2119 certum
175 2059 284 2136 pietate
298 2075 334 2118 en
350 2059 509 2119 constantia
524 2061 634 2120 maiore
652 2061 843 2138 compescuit,
860 2068 946 2137 atque
960 2059 1047 2120 boste

45 2159 116 2202 mox
137 2139 252 2202 demeto
273 2140 466 2220 triumphavit.
499 2141 607 2202 Consul
628 2142 730 2203 deinde
752 2145 854 2204 iterum
877 2151 991 2203 creatus
1012 2161 1048 2203 ae

47 2228 130 2306 prius
149 2242 233 2305 quam
246 2226 386 2287 honorem
401 2227 486 2285 iniret
503 2226 537 2286 ad
555 2226 785 2307 componendum
800 2225 927 2287 Orientis
943 2235 1046 2288 statum

48 2309 203 2390 expulsus,
225 2329 289 2371 eum
302 2310 457 2371 Armeniae
473 2329 574 2389 regem
595 2310 768 2389 devicisset,
786 2309 1002 2391 Cappadociam
1017 2314 1046 2371 in

17 2395 222 2474 reprovineiae
236 2395 357 2457 formam
373 2395 555 2472 redegisset,
572 2414 673 2456 annum
690 2415 781 2474 agens
796 2396 899 2457 aetatis
915 2405 1045 2474 quartum

49 2489 77 2538 et
102 2480 295 2540 tricensimum
318 2479 451 2540 diuturno
473 2479 575 2540 morbo
590 2479 763 2542 Antioohiae
787 2480 875 2559 obiit,
898 2497 956 2541 non
982 2483 1044 2542 sine

47 2564 154 2622 veneni
174 2565 350 2644 suspioione.
383 2563 456 2624 Nam
478 2573 595 2639 praeter
616 2565 742 2644 livores,
767 2566 815 2645 qui
836 2574 898 2626 toto
917 2582 1044 2646 corpore

49 2656 140 2725 erant,
156 2655 185 2707 et
199 2665 332 2728 spumas,
354 2666 427 2727 quae
445 2667 498 2727 per
513 2667 547 2708 os
561 2649 701 2726 fluebant,
720 2650 838 2712 cremati
859 2669 974 2730 quoque
993 2667 1044 2710 cor

48 2731 122 2791 inter
136 2748 203 2793 ossa
215 2735 412 2812 incorruptum
423 2742 569 2811 repertum
580 2743 640 2794 est:
652 2736 731 2794 euius
744 2753 778 2795 ea
789 2743 889 2795 natura
899 2735 1042 2795 existima·

17 2824 103 2892 antur,
118 2824 148 2875 ut
162 2817 279 2878 tinctum
294 2833 408 2878 veneno
424 2819 492 2894 igne
511 2819 616 2879 enniiai
631 2828 765 2898 nequeat.
800 2817 876 2878 Obiit
891 2827 995 2894 autem,
1010 2824 1040 2876 ut
1059 2827 1077 2881 2

50 2900 147 2978 opinio
167 2899 236 2978 fuit,
263 2901 364 2962 fraude
379 2900 493 2978 Tiberi,
514 2903 672 2963 ministerio
689 2911 717 2962 et
733 2921 824 2983 opera
842 2901 901 2962 ΟΝ.
918 2901 1042 2978 Pisonis,

1 3052 3 3060 ,
49 2985 97 3061 qui
117 2983 169 3044 sub
198 2984 275 3046 idem
300 2994 412 3063 tempus
437 2986 539 3060 Syriae
563 2988 764 3066 praepositus,
784 3004 840 3045 nee
861 2984 1042 3046 dissimulans

49 3066 250 3130 offendendum
270 3070 326 3129 sibi
346 3078 394 3130 aut
415 3079 527 3149 patrem
551 3078 598 3130 aut
616 3070 717 3146 iilium,
739 3071 821 3149 anasi
838 3069 923 3148 piane
940 3070 977 3129 ita
992 3087 1041 3129 ne·

49 3169 133 3212 eesse
151 3163 241 3230 esset,
255 3155 339 3213 etiam
355 3171 475 3231 aegrum
490 3153 688 3216 Germanicum
699 3153 1042 3232 gravissimisverborum

16 3244 83 3294 man
101 3255 196 3297 rerum
209 3237 414 3299 acerbitatibus
433 3238 513 3298 nullo
530 3238 657 3298 adhibito
675 3238 762 3299 modo
779 3237 899 3309 adfecit;
920 3246 1041 3317 propter

49 3336 131 3398 quae,
149 3329 179 3381 ut
196 3323 317 3382 Romam
332 3320 425 3400 rediit,
448 3339 543 3400 paene
561 3321 725 3401 discerptus
743 3340 759 3382 a
777 3321 925 3401 populo,a
940 3330 1042 3382 senatu

49 3405 152 3484 eapitis
176 3405 322 3466 damnatus
338 3414 392 3466 est.
437 3404 543 3466 Omnes
559 3405 729 3467 Germaniae
748 3407 881 3485 eorporis
897 3408 1038 3486 animique
1055 3414 1071 3468 3

47 3489 175 3567 uirtutes,
189 3499 218 3549 et
236 3499 357 3568 quantas
375 3489 481 3550 nemini
494 3491 634 3568 cuiquam,
652 3492 810 3570 contigisse
826 3492 895 3554 satis
913 3499 1039 3553 constat:

47 3570 166 3634 formam
181 3581 211 3633 et
231 3572 426 3634 fortitudinem
443 3576 605 3654 egregiam,
629 3576 774 3654 ingenium
796 3577 823 3636 in
840 3585 964 3655 utroque
980 3574 1040 3634 elo·
