2392 3926
124 226 186 287 :tto
392 237 421 285 c.
446 238 608 286 sunnonrr
630 238 844 295 nnnuourncr

187 392 263 451 lnter
278 391 467 451 Saturnalium
484 400 512 451 et
526 392 764 470 saturnaliorum]
788 393 813 452 si
828 391 928 452 dixero
946 392 1135 453 Saturnalic-

124 493 185 535 rum
200 484 229 534 ut
243 473 454 552 subselliorum,
471 477 639 536 Saturnaliis
653 477 723 537 iacit
734 486 764 536 ut
778 476 940 544 subselliis:
958 484 987 535 et
1004 476 1079 536 ideo
1090 476 1134 536 di·

125 559 214 619 cimus
229 559 435 637 Saturnalium,
452 569 482 619 ut
498 562 589 639 possit
604 561 666 620 lieri
685 560 892 621 Saturnalibus.

187 641 265 700 Inter
287 642 370 701 aliurn
392 653 423 702 et
443 642 562 703 alterum
584 644 641 703 hoc
655 646 790 721 interest,
813 644 891 724 quod
906 643 980 703 alter
994 661 1036 702 ex
1053 643 1131 704 dno·

124 725 196 800 bus,
213 725 286 784 alius
302 725 445 787 exturba.
1140 750 1152 788 s

185 807 264 868 Inter
278 827 402 886 gnavum
422 821 449 870 et
465 811 596 889 gnarum]
617 813 735 888 ignaros
750 820 794 870 εει
805 812 930 888 inscius,
942 828 1054 888 gnarus
1070 820 1135 871 tra·

124 893 166 952 hit
182 893 434 968 significationem
460 894 596 973 [gnarus]
620 894 698 974 quod
719 895 743 954 si
757 897 782 954 is
807 895 856 973 qui
877 893 955 954 celer
973 903 1019 954 est
1036 911 1135 954 navus

126 986 186 1053 est,
207 979 256 1054 qui
277 979 364 1056 piger
378 987 423 1038 εει
447 979 582 1054 ignavus;
598 995 705 1054 gnarus
722 987 815 1037 autern
830 976 933 1038 dicitur
951 981 1073 1055 sciens,
1096 997 1136 1039 ex

126 1063 272 1121 contrario
290 1061 455 1140 colligimus
468 1063 598 1138 ignarum
612 1078 680 1120 esso
697 1063 876 1121 inscientem.

190 1143 303 1222 Cornu,
327 1163 462 1220 cornum,
485 1161 590 1204 cornus
607 1144 673 1223 quid
689 1144 831 1206 differunt.
866 1143 992 1205 Gornum
1009 1162 1134 1223 pomum
1143 1168 1164 1210 u

127 1229 284 1306 significat,
299 1229 369 1290 lacit
385 1231 458 1288 enim
477 1245 579 1295 corna;
597 1244 686 1288 cornu
701 1229 788 1288 telum
806 1229 964 1307 significat,
984 1237 1135 1307 tamquam

127 1330 220 1392 genu,
242 1312 312 1372 lacit
327 1315 401 1374 enirn
420 1329 526 1371 cornua
549 1320 691 1390 tamquam
708 1330 816 1389 genua;
849 1329 953 1372 cornus
969 1322 1063 1372 autem
1088 1323 1136 1372 est
1184 1316 1185 1362 i

127 1396 225 1460 arbor.

189 1486 266 1540 lnter
294 1480 340 1540 lac
368 1479 476 1540 lactet
503 1480 597 1558 lacte]
621 1480 667 1539 lac
690 1488 718 1537 et
741 1479 800 1538 lact
819 1496 878 1539 non
896 1489 977 1539 recte
998 1478 1135 1557 dicimus,

129 1563 318 1643 quianullum
338 1580 443 1623 nomen
460 1564 490 1622 in
508 1580 524 1623 c
542 1563 636 1622 littera
652 1563 772 1639 desinit,
798 1563 849 1641 [ita
863 1581 918 1623 nec
939 1563 994 1623 duc
1008 1581 1066 1622 nec
1082 1563 1166 1624 factu

128 1656 239 1707 rectum
256 1656 369 1706 estnec
385 1647 459 1723 lac;]
478 1647 629 1726 nec(lact)
644 1649 672 1706 in
686 1656 698 1706 t
711 1647 804 1706 littera
819 1647 936 1726 aliquod
947 1663 1055 1706 nomen
1069 1647 1133 1706 fini·
1185 1635 1186 1696 l

129 1741 188 1797 tur;
205 1747 279 1807 ergo
296 1730 372 1808 quod
387 1739 537 1809 superest,
553 1730 672 1790 dicimus
689 1730 775 1790 laete.

193 1811 253 1872 (lor
273 1830 308 1873 un
327 1814 406 1893 cors}
431 1812 529 1873 Omnia
546 1831 620 1891 quae
635 1813 813 1874 consuetudo
829 1815 934 1874 vitiosa
948 1813 1039 1890 lecit,
1058 1815 1131 1873 anti·

131 1899 225 1978 quitas
240 1896 411 1972 emendavit.
441 1896 501 1957 Cor
516 1898 693 1957 assuevimus
710 1897 824 1966 dicere;
846 1916 882 1958 on
896 1905 977 1957 recte
992 1895 1131 1973 dicamus,
1186 1954 1187 1994 ,

132 2000 168 2043 ex
186 1983 339 2061 conposito
360 1981 553 2059 intellegimus
577 1982 671 2041 ethis
693 1999 767 2060 quae
789 1983 889 2041 mutari
904 1999 963 2042 non
978 1989 1166 2060 poteruntzso

131 2066 249 2126 dicimus
271 2069 346 2125 enim
370 2083 476 2126 excors
496 2075 525 2124 et
545 2081 669 2141 vecors,
691 2083 749 2126 non
773 2082 863 2125 cxcor
886 2074 915 2126 et
936 2082 1044 2132 vecor;
1062 2065 1133 2124 etsi
1186 2081 1187 2086 ¹

132 2160 211 2210 esset
226 2167 287 2226 cor,
304 2151 380 2210 coris
394 2149 515 2209 faceret.
531 2148 558 2209 N
560 2166 615 2208 unc
627 2168 689 2209 cum
701 2166 755 2209 cor
768 2149 864 2209 cordis
877 2149 982 2226 faciat,
997 2150 1132 2208 existimo

131 2237 169 2294 ita
187 2251 278 2313 posse
293 2234 357 2294 dici.

194 2318 289 2378 Rursus
317 2335 353 2377 an
381 2319 491 2395 rursus]
524 2318 549 2376 si
569 2335 668 2376 rursus
693 2318 794 2376 iterum
807 2317 969 2394 significat,
992 2314 1132 2375 debemus

131 2419 231 2461 rursus
246 2401 290 2460 si'c
304 2402 434 2462 scribere
448 2411 591 2480 tamquam
604 2401 706 2460 iterum
722 2418 775 2480 per
790 2419 805 2459 r
826 2400 963 2468 litteram;
985 2415 1043 2458 non
1060 2399 1131 2458 dici·
1141 2421 1166 2461 as

131 2502 193 2544 mus
215 2486 289 2543 eninr
308 2487 410 2563 iteum,
433 2494 462 2544 et
482 2485 601 2546 dicimus
626 2492 768 2562 tamquam
789 2500 925 2564 quorsum
946 2492 975 2544 et
989 2499 1131 2559 seorsum,

131 2586 190 2628 uon
205 2585 327 2646 quosum
342 2579 372 2630 et
386 2586 511 2629 seosum.

196 2651 332 2712 Tribunal
356 2671 391 2712 an
415 2651 559 2712 tribunale
581 2661 609 2711 ει
635 2652 737 2713 animal
759 2671 794 2711 an
815 2649 953 2729 animale]
980 2649 1132 2711 Procellus

131 2747 188 2798 art:
206 2737 308 2816 quael
322 2737 426 2798 littero
438 2737 586 2816 finiuntur
602 2736 634 2796 io
648 2735 869 2812 declinatione,
889 2735 1047 2816 geminant
1057 2751 1130 2794 eoo·

133 2821 202 2881 dem
212 2820 356 2897 litteram,
372 2828 527 2901 tamquam
537 2820 596 2880 mel
607 2819 703 2880 mollio
714 2827 743 2879 et
751 2819 796 2898 fel
805 2819 906 2897 fellis,
923 2818 1060 2898 socitito
1075 2817 1130 2878 tri·
1141 2829 1167 2869 ιι

134 2903 230 2967 bucol
245 2904 422 2966 tribuoollis
436 2912 464 2965 et
481 2905 598 2965 ouimol
613 2903 778 2965 onimolb'u.
811 2903 869 2964 Sed
882 2904 997 2978 erravit,
1011 2903 1131 2980 primum

135 2991 200 3069 quia
215 2990 413 3065 monosyllaba
427 2991 456 3048 in
472 2989 606 3066 exemplo
627 2990 738 3068 posuit,
759 2987 862 3048 deinde
877 2987 1034 3067 quaquiare
1049 2985 1059 3044 l
1073 3001 1131 3044 non

135 3074 263 3150 geminat
276 3092 332 3134 nec
344 3073 414 3151 vigil
429 3092 484 3134 nec
500 3073 589 3151 pugil.
640 3068 686 3132 Ita
703 3072 821 3132 dicimus
835 3071 893 3131 hoc
906 3069 1048 3130 tribunale
1063 3076 1130 3128 tam·

137 3157 400 3235 quamagilefacile
416 3157 522 3234 docile,
539 3156 626 3233 agilia
639 3155 736 3215 iacilia
751 3155 857 3215 docilia
872 3153 1031 3214 tribunalia.
1050 3152 1131 3226 Quae

137 3241 165 3296 ia
181 3243 208 3298 in
223 3241 326 3317 plurali
346 3259 463 3301 numero
478 3241 620 3317 liniuntur,
637 3257 671 3299 ea
686 3257 749 3298 cum
764 3239 800 3299 ad
817 3238 992 3316 singularem
1008 3238 1165 3312 veniuntsv

138 3320 260 3381 elittera
274 3327 466 3384 terminantur.
1183 3371 1187 3388 .

200 3401 332 3464 Cervical
354 3424 388 3464 an
408 3406 565 3484 cervicale]
589 3423 644 3465 nec
667 3406 794 3467 cervical
817 3423 873 3464 nec
892 3404 1037 3466 cervicale
1051 3411 1131 3464 recte

138 3483 254 3550 dicitur;
274 3495 318 3544 est
336 3489 410 3548 enirn
424 3490 573 3568 epitheton
589 3497 617 3547 et
628 3507 720 3566 genus
736 3489 771 3548 ab
793 3506 829 3548 eo
850 3489 928 3569 quod
944 3495 1069 3550 accessit
1082 3503 1130 3548 oo
